3726 5692
59 297 108 377 [G.
124 309 268 382 sor—soal

56 463 67 488 ι
89 437 163 504 στεύς
175 441 219 498 καὶ
235 443 323 519 μήτηρ
339 440 476 500 Διέντεια·
490 444 512 497 εἰ
532 440 553 498 δ’
570 442 752 521 εύτυχοῦντες,
768 447 791 502 εἰ
805 443 838 502 τδι

57 550 68 576 ⁸
89 530 183 603 πρῶτα
198 529 317 606 φέροντες
329 532 381 586 τῶν
396 531 421 585 έν
440 528 625 606 Εὐρυκόιμιδι,
640 533 686 589 οὐκ
700 530 761 606 ἐμόν
784 535 840 590 ἔστι

56 639 69 663 ι
88 614 181 689 λέγειν.
205 618 302 695 Καιρδς
327 615 442 676 Διασέων
464 620 496 693 τῇ
518 616 610 692 πόλει,
630 619 675 675 καλ
698 620 840 697 πανήγυρις

54 725 68 754 ⁸
88 704 203 782 λαμπρὰ
224 704 256 762 τθ
285 705 400 763 Διάσια·
416 703 467 780 ἐγὼ
493 703 520 761 δὲ
542 705 626 785 δόρνῃ
652 710 838 786 στεφανωθεὶς,

12 815 26 848 s
57 815 69 842 ε
89 795 182 868 χιτῶνι
193 793 418 868 κατακοσμηθεὶς,
433 791 536 872 ιἰρύύλη
551 798 648 872 σεμνῇ,
662 795 708 852 καὶ
721 793 780 853 ύλον
792 819 840 854 πε·

57 908 69 932 ιι
91 881 201 966 ριδυθεὶς
215 884 246 943 τὸ
259 883 397 962 κηρύκειον
410 926 418 954 ,
432 881 512 959 κήρυξ
530 874 595 952 ἧκον
614 886 639 950 ἐς
651 884 839 960 Αύλικώμιδα·

55 995 69 1018 ι
89 967 135 1027 καί
146 994 195 1044 μου
206 971 250 1028 τδν
263 972 389 1051 στέρανον
400 969 488 1048 Ἔρως
498 970 636 1044 ἐσύλησεν,
647 969 761 1049 Ὑσμένη
774 994 841 1050 παρ·

56 1082 68 1107 ⁸
90 1056 156 1136 θένῳ
170 1060 335 1135 περικαλλεῖ,
345 1056 495 1124 Σωσθένους
506 1058 626 1135 θυγατρὶ,
637 1058 670 1116 τδι
686 1061 778 1136 πρῶτα
788 1063 839 1117 τῶν

57 1170 70 1195 ι
92 1143 133 1202 έπ’
148 1145 314 1223 Αύλικόιμιδι
338 1147 475 1224 φέροντος,
505 1145 640 1225 ἀγκίστρῳ
662 1145 840 1224 χρησόμενος·

16 1253 42 1290 ru
56 1259 69 1284 ε
91 1232 136 1292 καὶ
152 1235 241 1301 δοῦλος
261 1233 414 1315 Ἀφροδίτης
430 1237 466 1299 εἰς
478 1231 524 1304 τὴν
541 1233 606 1308 ἐμὴν
625 1233 779 1314 Εὐρύκωμιν
794 1237 840 1292 ἇν-

56 1349 69 1374 ·
91 1322 257 1402 θυπέστρεψα
273 1321 316 1391 ξῦν
331 1323 398 1398 αύτῇ
413 1321 548 1400 παρθένῳ,
564 1322 610 1379 καὶ
623 1327 661 1403 τῷ
675 1323 773 1394 ταύτης
784 1347 840 1381 πα-

55 1437 69 1462 ι
90 1411 142 1490 τρί.
150 1411 193 1468 Τδι
205 1413 409 1492 δ’ἕρεξῆςόποῖα
420 1429 428 1487 ;
439 1411 584 1480 Σωσθένης,
599 1410 688 1490 πατὴρ
700 1409 840 1485 Ὗσμένης,

56 1525 69 1550 ι
91 1499 118 1557 δν
133 1498 202 1576 μέσῃ
214 1500 331 1578 τραπέζῃ
344 1499 389 1556 καὶ
404 1497 500 1576 δείπνῳ
518 1499 673 1573 πολυτελεῖ,
690 1498 774 1576 γόμον
789 1496 841 1556 ἔτε-

54 1613 68 1640 ι
92 1610 135 1667 ρον
159 1588 284 1667 κηρύσσει
312 1592 359 1656 τῆς
384 1584 523 1663 θυγατρός·
548 1583 576 1642 δν
600 1584 682 1656 ἡδέως
706 1588 841 1667 φεύγοντες

16 1702 41 1741 ιε
56 1702 69 1727 ε
90 1679 181 1750 ἡμεῖς,
195 1679 295 1756 πικρῶς
310 1677 471 1752 ἁλισκόμεθα
481 1721 488 1746 ,
500 1675 536 1739 εἷς
553 1680 605 1751 πῦρ
624 1677 653 1732 ἐκ
668 1678 773 1732 καπνῶν
790 1676 840 1751 έμ-

55 1790 70 1814 ·
90 1765 223 1835 πεσόντες,
236 1762 285 1831 κάξ
299 1762 407 1841 όμόρων
420 1763 456 1828 εἰς
471 1761 614 1819 θάλασσαν.
630 1765 702 1829 Ναῦς
716 1760 841 1840 ύπηρέτις

55 1879 68 1903 ι
91 1854 155 1927 ἡμῖν
166 1858 198 1929 τῇ
212 1856 292 1934 φυγῇ,
303 1850 367 1932 πρὸς
378 1850 410 1921 ἣν
427 1850 560 1908 Ποσειδῶν
572 1851 704 1924 όντιπνεῖ,
716 1850 759 1909 καὶ
772 1857 841 1929 θῦμα

55 1967 68 1992 ι
91 1941 181 2012 ζητεῖ,
197 1941 242 1998 καὶ
262 1940 292 1999 τὸ
307 1944 375 2016 θῦμα
390 1938 573 2015 κληρούμεθα,
592 1938 637 1995 καὶ
658 1930 691 2010 ἦν
710 1942 723 1996 ό
746 1941 841 2025 κλῆρος

56 2056 68 2081 ι
90 2027 330 2107 έπδτηνὙσμένην
343 2026 440 2087 πεσών.
450 2027 484 2087 ‘il
499 2026 526 2084 δέ
536 2049 586 2101 μου
596 2031 648 2086 τῶν
657 2033 753 2106 χειρῶν
765 2029 843 2085 έλεει·

13 2145 43 2183 eo
56 2145 70 2172 ι
91 2123 141 2184 νῶι
165 2119 358 2192 ἐκσπασθεῖσα,
374 2117 442 2174 κατὰ
465 2115 591 2191 κυμάτων
610 2117 731 2188 ὠθεῖται,
750 2116 796 2175 καὶ
811 2115 841 2174 τδ

58 2234 70 2258 ι
92 2207 141 2285 μέν
157 2207 278 2267 ναυτικὸν
293 2206 379 2284 ἐξάγει
394 2212 439 2264 τοῦ
454 2205 598 2275 κλύδωνος,
614 2206 660 2280 ἐμὲ
676 2206 699 2263 δ’
714 2209 750 2273 εἰς
760 2205 841 2282 μέσας

57 2322 70 2350 ι
94 2295 228 2363 θαλάσσας
242 2294 370 2371 ipolito
391 2294 436 2353 καὶ
458 2294 593 2363 κλύδωνα,
606 2295 651 2352 καὶ
670 2299 777 2373 θρῆνυν,
796 2294 841 2352 καλ

57 2415 69 2441 ι
89 2387 219 2447 κωκυτόν·
236 2385 298 2454 tit
310 2382 347 2459 μὴ
363 2382 439 2462 φέρον
455 2380 485 2439 τδ
501 2380 637 2457 ναυτικὸν,
648 2386 694 2453 τῆς
708 2380 771 2449 νεὼς
780 2381 841 2463 περὶ

57 2501 68 2528 ι
89 2475 140 2545 τὴν
153 2473 247 2553 χέρσον
263 2472 420 2551 ἐκσρενδονᾷ
435 2493 483 2548 με,
500 2469 545 2528 καὶ
558 2469 587 2528 τδ
603 2469 738 2551 βέρύαρον
752 2475 838 2544 τοῦτο,

15 2585 71 2624 ,τι
92 2559 124 2618 τδ
135 2565 180 2618 νῦν
204 2559 439 2638 συναιχμάλωτον,
455 2556 625 2635 αἰχμάλωτον
640 2557 698 2634 ἄγει
722 2580 769 2632 με·
784 2557 840 2616 ὅθεν

58 2677 70 2703 ι
92 2651 122 2708 ἐκ
130 2654 178 2718 σῆς
186 2647 284 2717 ταύτης
294 2648 374 2705 πόλιν
387 2645 592 2726 ᾗχμαλωτέσθην
603 2646 700 2725 χειρὸς,
711 2646 800 2713 δοῦλος
810 2648 839 2704 ἐκ

56 2766 68 2789 ι
91 2736 187 2796 δούλου
201 2735 338 2812 γενόμενος
355 2735 400 2792 καλ
414 2734 546 2812 τρόδουλος
562 2735 620 2791 ἀντὶ
634 2734 755 2812 κήρυκος.
767 2761 779 2784 ι

96 2844 134 2886 ti.
149 2827 233 2886 Ταῦτ’
247 2824 351 2898 ἔλεγον,
360 2823 405 2881 καλ
418 2820 616 2900 κατεύρεχόμην
629 2830 682 2887 τοῖς
701 2822 839 2900 δάκρυσιν·

55 2917 73 2986 ἡ
93 2913 123 2973 δι’
139 2935 186 2990 μοι
199 2912 318 2980 δεσπότις
329 2911 424 2992 ρησέν·
441 2939 453 2962 ιι
463 2909 548 2970 Ὅλον
562 2910 650 2987 δρᾶμα
660 2908 694 2967 τὰ
707 2908 777 2968 κατδι
793 2908 839 2981 σέ,

23 3021 47 3062 ιο
59 3030 72 3054 ιι
84 3002 132 3062 καὶ
155 3001 236 3068 όντως
262 2999 442 3080 τραγῴδημα·
457 2998 491 3056 τὰ
513 2998 536 3055 δ’
555 2998 591 3063 εἰς
612 2996 738 3063 δεσπότας
751 2999 839 3072 ἡμᾶς,

54 3120 67 3145 ι
79 3093 208 3170 εὐτυχεῖς.
221 3115 234 3143 ν
275 3089 351 3167 Ἐγὼ
373 3088 420 3161 δὲ,
435 3084 501 3147 Ὅτι
524 3086 650 3149 δεσπότας
671 3084 726 3164 έχω
739 3087 839 3162 μᾶλλον

54 3208 67 3234 ε
83 3180 225 3258 δυστυχῶ,
240 3176 305 3258 πρὸς
323 3176 371 3250 τὴν
389 3176 526 3234 δέσποιναν
540 3175 641 3250 έλεγον·

35 3284 40 3301 “
117 3277 201 3332 Ὅστις
213 3276 309 3339 γὰρούκ
318 3275 385 3322 εἴωθε
396 3273 506 3332 γεύεσθαι
518 3277 613 3327 κακῶν,

118 3347 188 3409 Φέρει
201 3348 257 3409 μὲν,
268 3347 332 3407 ἀλγεῖ
343 3346 363 3394 δ’
380 3345 460 3407 αὐχέν’
471 3344 561 3400 ἐντιθεὶς
573 3346 642 3403 ζυγῷ.
663 3359 675 3382 ν

18 3447 41 3490 ts
53 3434 137 3498 Καὶό
151 3435 279 3504 δεσπότης
290 3433 381 3513 ρησέν·
393 3461 405 3485 ι
418 3435 452 3492 Εἰ
466 3431 512 3508 μέν
527 3455 568 3490 σοι
584 3429 678 3510 πατρὶς
691 3425 841 3511 περιφανὴς,

53 3552 66 3578 ιι
80 3525 129 3584 καὶ
145 3522 218 3602 γένος
238 3521 376 3602 λαμπρὸν,
391 3521 436 3579 καλ
450 3521 484 3578 τὰ
506 3521 565 3578 κατ’
587 3517 672 3584 οἴκους
691 3517 840 3590 πολυτελῆ,

52 3640 66 3667 ι
80 3617 129 3671 νῦν
150 3611 249 3672 τούτων
274 3612 343 3691 ἔχεις
366 3608 455 3669 οὐδέν·
476 3612 564 3674 δοῦλος
577 3607 629 3687 γὰρ
644 3598 668 3664 εἶ
688 3606 734 3664 καλ
755 3607 842 3672 δοῦλος

51 3731 66 3755 ·
79 3704 168 3778 ἡμῶν.
189 3703 223 3762 Εἰ
237 3701 265 3760 δὲ
279 3700 325 3759 καλ
339 3697 508 3781 σωφροσύνης
526 3698 571 3755 καὶ
587 3694 725 3773 παρθενίας
746 3694 842 3775 Ἀφρο-

52 3816 67 3843 t
83 3792 159 3862 δότην
181 3787 335 3859 δντηλλέξω
355 3787 400 3846 καλ
415 3786 541 3865 Ἔρωτα,
561 3785 583 3842 εἰ
603 3780 690 3841 δὲκαὶ
707 3782 841 3862 στερένων

10 3898 35 3939 io
50 3905 68 3935 ι
81 3880 115 3939 έκ
128 3878 225 3959 δάφνης
239 3879 403 3955 παρθενικῶν
418 3875 544 3956 ατέρανον
559 3875 589 3931 ἐκ
608 3870 688 3952 ῥόδων
704 3869 841 3951 ἕρωτικδν,

49 3994 69 4021 ι
82 3966 122 4047 μή
131 3966 173 4028 aul
184 3989 215 4047 γε
228 3966 260 4026 τδ
274 3966 327 4023 ἀπὸ
340 3965 429 4034 τοῦδεῖ
444 3962 513 4022 ἀλλὰ
524 3966 620 4033 κτῆσαι
635 3960 665 4018 τδ
679 3961 781 4041 σῶφρον
797 3957 842 4017 καλ

50 4080 69 4109 τ
80 4056 112 4115 τὸ
123 4055 286 4136 ριλόσωρρον
299 4054 447 4130 ἀγέπησον,
460 4047 504 4108 ἵνα
519 4049 557 4127 μὴ
571 4049 620 4121 τὴν
634 4048 802 4128 σωφροσύνην
814 4046 841 4115 ἐξ

49 4169 70 4195 ι
81 4142 166 4226 ἔργων
179 4143 264 4222 μέθης
276 4145 376 4210 αὐτῶν,

45 4292 52 4299 ,
121 4240 168 4290 Καὶ
181 4244 250 4304 χεῖρα
260 4239 336 4302 κτήση
346 4234 619 4289 mammaemammal.
632 4251 645 4275 ν

10 4332 28 4370 ⁸
101 4338 134 4377 is.
146 4320 231 4379 Ταῦθ’
242 4319 406 4388 όδεσπότης·
420 4312 471 4393 ἐγὼ
483 4316 506 4372 δ’
522 4311 634 4390 έσέγων,
650 4309 696 4368 καλ
711 4308 769 4375 τούς
790 4311 840 4390 ὀρ-

45 4404 172 4484 tissimi<
193 4398 265 4486 εἶχον
290 4407 405 4484 δρῶντας
418 4406 454 4468 εἰς
472 4405 539 4479 γῆν,
559 4398 605 4458 καὶ
625 4396 700 4465 δλους
720 4397 841 4476 δακρύων

45 4495 178 4561 μεστούς.
190 4498 245 4556 Καὶ
255 4494 322 4554 οὕτω
332 4493 414 4570 πέρας
426 4491 460 4550 cd
470 4495 516 4562 τῆς
527 4486 657 4567 τραπέζης
667 4484 781 4566 ἐδέχετο·
794 4488 840 4544 καὶ

40 4581 69 4637 ὃ
90 4587 140 4642 τῶν
163 4584 278 4643 Διασέων
293 4581 374 4661 κήρυξ
386 4579 524 4654 Ὑσμινίας
539 4578 591 4655 ἐγὼ
610 4577 656 4635 καλ
676 4581 722 4646 τῆς
743 4575 841 4655 δέρνης

42 4674 269 4752 οτερανωθιλς,ό
283 4673 412 4749 λαμπρῶς
425 4669 454 4727 τδ
467 4671 570 4745 πρῶτον
583 4665 700 4732 πλεύσας
712 4662 737 4731 ἐξ
754 4665 838 4742 Εὐρυ-

671 313 865 372 EUMATHii
891 315 962 378 LlB.
990 319 1071 377 Vlil.

1610 356 1667 402 57³

886 475 898 497 ν
916 459 992 506 maier
1009 473 1015 506 :
1028 473 1059 509 an
1071 461 1157 512 divites
1172 467 1197 513 et
1211 466 1234 512 in
1258 465 1353 514 civitate
1371 480 1414 514 sua
1428 468 1513 529 primi,
1524 469 1602 519 dicere
1621 485 1668 520 non

887 581 898 600 ι
917 571 997 608 meum
1012 563 1055 610 est.
1091 563 1240 625 Diasiorum,
1250 577 1306 626 qum
1318 565 1441 626 splendide
1453 568 1590 618 celebritate
1604 584 1669 631 pem·

887 677 898 699 ι
916 665 1012 720 guntur,
1023 665 1118 722 tempus
1128 669 1180 711 emt
1195 680 1202 712 ι
1217 676 1260 724 ego
1273 664 1353 713 lauces
1369 671 1505 727 coronatus,
1519 681 1586 718 sacra
1604 674 1670 720 veste

887 770 899 793 ι
915 755 1023 813 ornatus,
1035 755 1190 818 calceumque
1200 757 1362 806 venerandum
1372 761 1397 807 et
1407 760 1488 808 omnia
1495 760 1598 823 denique
1607 777 1669 823 prse-

887 865 900 887 ι
917 848 983 895 conis
996 848 1095 909 insignia
1105 848 1212 912 indutus,
1225 836 1367 902 caduceator
1379 853 1552 902 Auiicomidem
1567 858 1635 916 νειιίς
1648 861 1672 906 et

888 961 901 984 ι
919 948 992 992 Amor
1014 944 1073 992 milii
1089 958 1202 995 mronsm
1220 946 1395 1008 praedelassat,
1410 949 1535 1011 iiysmiue,
1553 951 1671 1001 formosis·

887 1062 899 1085 ι
916 1043 977 1092 sima
985 1045 1254 1107 virgineetsosibenis,
1265 1048 1308 1097 viri
1318 1048 1381 1098 inter
1389 1061 1446 1099 suos
1455 1050 1603 1112 nobilissimi,
1615 1051 1671 1110 filia,

888 1161 899 1185 ι
918 1143 984 1192 veini
999 1144 1070 1194 iiiicio
1092 1159 1164 1206 usus;
1182 1147 1264 1209 itaque
1287 1149 1376 1197 Veneri
1389 1150 1539 1212 mancipatus
1553 1152 1576 1199 in
1592 1165 1669 1201 meum

886 1257 898 1281 a
919 1240 1105 1299 Erisycomidem
1126 1255 1236 1291 reversus
1247 1257 1301 1292 sum
1315 1258 1371 1292 cum
1386 1245 1465 1306 puelia
1476 1247 1576 1309 ejusque
1594 1250 1669 1308 patre.

888 1357 900 1381 ι
918 1341 1012 1388 Caetera
1026 1353 1137 1401 qrraensm
1149 1341 1297 1404 subsequuta
1306 1346 1361 1392 sunl
1371 1347 1382 1392 t
1392 1345 1532 1406 sosthenes,
1546 1347 1672 1406 iiysmines

889 1456 901 1480 ιι
919 1440 996 1499 pater,
1017 1439 1095 1487 medio
1119 1439 1143 1488 in
1158 1440 1256 1502 prandio
1271 1446 1295 1490 et
1307 1442 1369 1491 inter
1386 1443 1481 1505 copiosa
1502 1444 1591 1491 terciiis
1607 1444 1671 1492 aiiird

888 1558 901 1581 ι
919 1539 972 1589 tiiiae
984 1541 1130 1590 connubium
1140 1543 1277 1605 nunciavit;
1289 1558 1332 1593 nos
1343 1544 1404 1594 iliud
1422 1545 1470 1595 imti
1482 1544 1599 1608 fugientes
1609 1559 1673 1595 acer·

888 1657 900 1682 ε
918 1638 1038 1687 bissimam
1052 1640 1076 1688 in
1088 1641 1230 1690 servitutem
1240 1641 1419 1703 incidimus,ex
1430 1644 1496 1693 iumo
1505 1645 1529 1692 in
1544 1646 1622 1706 ignem
1631 1682 1638 1707 ,
1648 1652 1673 1695 et

888 1758 901 1783 ι
918 1753 948 1789 ex
962 1740 1038 1790 imbre
1056 1741 1080 1790 iu
1093 1755 1167 1790 mure.
1200 1744 1272 1791 Navis
1294 1743 1439 1804 fugientibus
1460 1746 1528 1794 uobis
1542 1747 1669 1808 ministrs,

888 1857 901 1882 ιι
919 1852 993 1900 quam
1005 1843 1132 1904 Neptunus
1143 1842 1243 1892 adverse
1254 1845 1396 1906 tempestate
1409 1844 1524 1906 agitarit;
1537 1859 1594 1895 mox
1605 1847 1672 1896 victi·

887 1953 899 1976 ι
918 1948 982 1984 mam
994 1935 1095 1997 quaerit,
1108 1936 1232 1985 victimam
1245 1937 1370 1998 sortimur,
1380 1944 1404 1987 et
1423 1951 1476 1986 sors
1487 1952 1560 2001 super
1574 1941 1672 2001 iiysmi·

888 2049 900 2072 ι
918 2044 964 2079 nen
983 2029 1057 2080 cedit.
1091 2030 1134 2080 iiia
1148 2033 1230 2080 sutem
1251 2031 1337 2081 misere
1354 2031 1493 2083 amonibus
1508 2036 1569 2087 mcis
1588 2037 1671 2086 ucuisa

887 2144 899 2166 ι
918 2125 1031 2175 ductibus
1050 2126 1189 2187 mandatur,
1204 2129 1229 2176 et
1252 2131 1337 2177 nautas
1357 2128 1455 2190 quidem
1472 2131 1539 2180 iratis
1561 2132 1673 2181 iiuctibus

887 2240 899 2264 il
917 2221 1044 2281 subducit,
1057 2236 1095 2272 me
1107 2225 1188 2272 aulem
1198 2223 1346 2273 mediomari
1358 2227 1543 2289 tempesialique
1556 2231 1582 2277 et
1593 2229 1671 2292 iacry-

888 2337 900 2360 ι
918 2319 963 2367 mis
976 2323 1000 2369 ei
1013 2319 1142 2382 gemitibus
1156 2321 1291 2383 immergit;
1311 2335 1415 2384 quorum
1436 2327 1517 2373 aulem
1544 2327 1672 2388 impatiens

887 2437 898 2460 ιι
916 2418 1014 2467 nautica
1025 2419 1104 2481 plebes
1114 2433 1128 2468 e
1138 2433 1199 2469 nave
1212 2419 1236 2468 in
1248 2422 1336 2469 terram
1349 2435 1388 2472 me
1399 2421 1529 2485 jaculatur,
1541 2427 1565 2473 et
1578 2424 1673 2474 barbari

887 2539 899 2560 ι
917 2519 965 2580 iili,
982 2519 1023 2582 qui
1040 2534 1104 2569 nunc
1123 2521 1257 2582 concaptivi
1274 2496 1332 2571 milii
1346 2525 1417 2582 sunt,
1432 2525 1559 2586 captivum
1579 2539 1617 2575 me
1628 2526 1672 2575 ab·

887 2640 898 2663 ι
917 2621 1021 2684 ducunt,
1038 2635 1115 2684 usque
1137 2624 1224 2672 iiemm
1244 2623 1355 2673 manibus
1369 2625 1418 2674 tuis
1435 2625 1523 2687 prmdae
1542 2628 1609 2687 cessi,
1623 2640 1672 2676 ser·

887 2745 898 2764 ι
916 2736 962 2772 rus
971 2737 1000 2801 es
1010 2737 1080 2774 servo
1090 2729 1176 2787 terque
1188 2738 1272 2774 servus
1281 2739 1310 2775 ex
1324 2726 1489 2776 caduceatore.
1503 2747 1515 2770 υ

920 2836 956 2882 ii.
972 2834 1032 2882 iiam
1049 2846 1105 2881 cum
1121 2833 1232 2895 iacrymis
1248 2835 1312 2882 dicte
1326 2836 1405 2892 danii,
1422 2854 1434 2874 ι
1453 2838 1528 2894 Vere,
1549 2836 1672 2897 respondit

886 2941 1023 3002 «dormias,
1047 2940 1164 3003 quidquid
1187 2940 1231 2989 tibi
1256 2940 1356 3001 accidit,
1380 2941 1464 3001 drama
1487 2946 1512 2990 et
1531 2944 1670 3003 tragoediam

888 3069 899 3090 ι
913 3060 1009 3097 censere
1021 3046 1135 3109 potuisti,
1154 3047 1200 3094 boc
1211 3045 1263 3094 solo
1275 3046 1346 3106 ielis,
1357 3046 1422 3107 quod
1442 3060 1487 3095 nos
1500 3047 1571 3096 beros
1584 3053 1671 3099 nectus

888 3176 901 3199 a
913 3168 948 3205 es.
963 3181 995 3192 -
1006 3158 1098 3214 immo,
1114 3154 1226 3214 inquam,
1238 3152 1334 3212 inieiix;
1346 3152 1436 3201 etenim

940 3272 1037 3314 Gustare
1049 3267 1111 3312 riuila
1122 3267 1223 3324 quisquis
1231 3266 1329 3310 assuevit
1343 3265 1415 3315 mnis.

940 3344 992 3385 lteri
1001 3372 1007 3390 .
1017 3338 1055 3384 sed
1066 3338 1136 3390 dolet,
1147 3337 1236 3383 cervice
1249 3338 1356 3394 supponis
1364 3338 1431 3393 logo.
1445 3353 1455 3377 ν

918 3437 1020 3499 Excepit
1039 3436 1154 3486 dominns
1174 3452 1180 3484 :
1207 3455 1219 3480 ιι
1242 3436 1358 3494 eramris
1383 3435 1459 3497 patris
1477 3435 1580 3497 nobilis,
1593 3437 1670 3499 splen·

888 3554 900 3578 ι
913 3534 997 3583 didum
1009 3546 1096 3596 genus,
1113 3534 1138 3581 et
1150 3530 1252 3594 piurima
1268 3531 1334 3581 domi
1344 3544 1373 3580 sc
1385 3532 1490 3593 pretiose
1498 3534 1604 3594 supellex
1619 3535 1669 3594 est,

888 3656 899 3679 ι
911 3635 976 3685 nulia
985 3638 1066 3685 tamen
1078 3635 1164 3683 luorum
1174 3645 1238 3681 nuuc
1252 3631 1434 3693 liabes3servus
1444 3633 1508 3682 enim
1520 3637 1671 3695 metuemus

888 3757 900 3782 a
914 3738 1004 3786 noster.
1041 3733 1102 3793 Sed,
1113 3730 1177 3796 quod
1190 3731 1295 3781 castitati
1308 3738 1332 3781 et
1351 3731 1471 3794 pudicitia
1489 3733 1589 3781 Veneris
1600 3737 1672 3782 Amo·

889 3861 901 3884 κ
917 3841 998 3902 τίσαιτο
1012 3836 1145 3896 lubentius,
1158 3838 1182 3885 et
1197 3848 1305 3885 rosarum
1322 3835 1416 3884 Amoris
1433 3835 1585 3884 coronaminu
1600 3835 1669 3897 virgi·

888 3952 959 3989 «neo
975 3938 1042 3986 lauro
1056 3935 1199 3999 proetuiisti,
1215 3947 1292 3996 neque
1308 3933 1366 3983 iilud
1386 3933 1492 3995 proderit
1498 3950 1507 3996 ;
1520 3933 1602 3999 itaque
1618 3947 1670 3984 mo·

888 4053 900 4077 ιι
915 4033 998 4082 destus
1009 4033 1070 4090 esto,
1083 4031 1108 4079 et
1115 4027 1256 4078 modestiam
1271 4040 1340 4088 ama,
1349 4041 1380 4078 ns
1390 4027 1459 4076 iactis
1469 4027 1525 4090 ipsis
1534 4030 1670 4092 temperan-

889 4152 900 4176 ι
914 4133 970 4182 tiam
981 4130 1067 4188 disus,

941 4235 1063 4286 limusque
1075 4227 1153 4272 herilis
1165 4229 1187 4271 te
1197 4226 1278 4271 doceat
1288 4224 1430 4271 modestiam.
1447 4240 1456 4266 ι

920 4327 957 4371 15.
972 4318 1009 4368 Ad
1025 4319 1077 4367 baec
1090 4315 1181 4365 domini
1201 4316 1275 4366 verba
1288 4315 1359 4373 iacui,
1381 4314 1435 4362 lixis
1456 4313 1480 4362 in
1490 4313 1579 4362 terrem
1594 4313 1670 4362 occulis

887 4437 1095 4498 lacrymarumque
1107 4430 1191 4494 plenis.
1203 4431 1289 4479 soiuio
1299 4428 1418 4487 convivio,
1428 4440 1485 4488 ego,
1496 4427 1540 4488 qui
1549 4426 1670 4475 laureatus

885 4545 1008 4608 splendide
1029 4539 1188 4604 Eurymmide
1209 4538 1313 4601 primum
1338 4535 1521 4596 navigaveram,
1539 4533 1581 4596 qui
1602 4531 1669 4580 Arrii-

887 4653 1007 4702 comidem
1025 4663 1097 4699 curru
1112 4647 1221 4709 regaliter
1233 4646 1368 4707 ingressus,
1382 4640 1530 4702 sumptuosis
1548 4637 1671 4688 Sosthenis

10 4760 21 4799 i
41 4759 208 4836 κώμιδος,ὁ
222 4758 283 4838 περὶ
293 4757 341 4830 τὴν
355 4757 509 4832 Αὐλέκωμιν
521 4755 663 4833 βασιλικῶς
675 4751 713 4832 ἐρ’
724 4749 840 4830 ἅρματος
884 4764 962 4826 epulis
971 4759 1144 4818 accubueram,
1161 4756 1240 4807 servili
1254 4753 1371 4804 accumbo
1384 4765 1473 4801 mensm
1492 4763 1549 4799 cum
1574 4761 1670 4797 conser-

39 4839 291 4923 Ῑππασέμενος,ό
318 4845 467 4910 πολυτελῶς
490 4842 533 4901 ini
550 4845 597 4912 τῆς
619 4845 665 4899 τοῦ
692 4837 840 4905 Σωσθένους

38 4925 182 5012 λαμπρᾶς
194 4933 325 5013 τραπέζης
340 4931 502 5001 ἀνακλιθεὶς,
515 4929 559 4988 ἐπὶ
574 4930 692 4998 δουλικῆς
709 4926 840 5006 τραπέζης

35 5019 104 5077 νῦν
126 5025 302 5099 όνακέκλιμαι
327 5021 372 5080 σῦν
393 5020 542 5099 ὁμοδούλων
563 5019 652 5097 χορῷ,
676 5013 721 5073 καὶ
739 5014 772 5072 τὰ
787 5016 836 5071 τῶν

39 5098 155 5170 ὁ“ῦύλιινν
171 5112 310 5189 ὑπηρετῶ,
323 5109 368 5167 καὶ
383 5105 448 5172 din<
458 5106 546 5174 δοῦλός
561 5109 631 5183 εἰμι,
647 5104 692 5162 καὶ
704 5107 767 5174 ὅλην
779 5103 837 5161 δαυ-

887 4892 971 4929 τοτυιιι
983 4876 1066 4938 choro,
1077 4886 1202 4924 servorum
1217 4870 1376 4920 ministerium
1386 4867 1512 4930 precum,
1525 4867 1550 4914 ei
1560 4877 1589 4914 ex
1603 4863 1669 4928 omui

886 4992 952 5052 pecie
961 5000 1055 5046 seruus,
1068 4982 1294 5046 immoipsissimsm
1303 4979 1445 5029 servitutem
1455 4976 1562 5036 indutus,
1570 4974 1666 5023 servile·

886 5121 935 5171 que
950 5107 1093 5169 obsequium
1108 5104 1213 5166 tingens,
1228 5099 1348 5161 omnibus,
1367 5097 1463 5160 iupiter
1479 5094 1559 5158 diique
1570 5105 1670 5150 omnes,
