3726 5692
305 114 353 172 DE
376 112 687 171 lNCllEDlBlLlBUS
710 110 800 182 QUAE
822 109 954 168 utana
975 106 1130 165 nautas·
1156 106 1329 165 rasulam
1352 107 1462 166 SUNT.
1637 118 1692 167 509

74 245 185 324 βιὸλίων
202 245 247 303 καί
262 247 314 302 τῶν
331 248 445 323 βοτανῶν
460 243 490 302 τθ
504 242 641 313 κιόώτιον,
660 242 814 319 ἀπαίρουσιν
828 243 862 307 είς

70 333 180 411 Ῥήγιον
189 335 309 390 κάκεῑθεν
317 335 352 398 εἰς
360 321 861 409 Μεταπόντιον,ένῷαὐτοὺςἈστραῖος

69 418 276 478 ἐπικαταλαόὼν
295 418 404 495 μηνύει,
427 418 496 477 κατὰ
510 419 592 483 πόδας
613 417 715 475 διώκειν
732 418 859 487 Παοίπιν,

69 510 116 568 καὶ
132 512 167 574 ὡς
182 507 386 586 συναπαίρουσιν
409 509 482 586 αὐτῷ
497 507 540 566 ἐπὶ
558 509 668 587 Θρᾷκας
685 507 730 564 καὶ
744 509 861 565 Μασσα-

40 597 151 675 aetra<
164 597 228 677 πρὸς
247 595 381 673 Ζάμολξιν
403 594 446 654 τδν
467 599 568 674 ἑταῖρον
584 598 662 654 αὐτοῦ
681 595 797 666 ἀπιόντι,
813 591 861 652 ὅσα

67 708 99 745 τε
112 683 184 745 κατὰ
197 683 296 756 ταύτην
309 683 357 755 τὴν
371 684 521 763 ὁδοιπορίαν
534 684 627 755 ῐδαιεν,
642 684 687 742 καί
701 682 772 749 ὅπως
790 682 862 740 ἐντύ-

67 797 114 854 χοι
132 772 267 851 Ἀστραῖος
282 771 443 849 Ζαμολξιδι,
462 771 535 852 παρά
548 772 640 837 Γέταις
659 771 711 844 ἤδη
724 775 774 851 θεῷ
788 793 864 846 νομι-

67 861 189 943 ζομένῳ,
210 859 256 920 καλ
270 857 320 920 ὅσα
336 861 418 919 εἰπεῖν
441 863 513 939 αὐτῷ
529 859 574 918 καί
588 861 712 931 δεηθῆναι
723 853 864 937 Δερκυλλίς

66 950 157 1010 τεκαὶ
170 948 318 1015 Μαντινέας
330 948 468 1028 Ἀστραῑον
483 946 549 1026 θπθρ
562 949 648 1005 αὐτῶν
668 945 800 1019 ἠξίωσαν,
818 941 863 1001 καὶ

25 1056 54 1095 to
69 1042 109 1106 ὡς
121 1036 244 1120 χρησμός
257 1038 345 1104 αὐτοῖς
357 1039 455 1095 ἐκεῖθεν
468 1034 605 1113 ἐξέπεσεν,
618 1034 661 1093 ἐπὶ
675 1031 782 1104 Θούλην
798 1022 864 1090 εἶναι

66 1126 243 1205 πεπρωμέναν
264 1128 361 1197 έλθεῖν,
382 1126 427 1184 καί
450 1127 489 1191 ὡς
514 1125 539 1191 ἐς
561 1122 667 1202 ὕστερον
689 1121 735 1181 καί
748 1119 863 1199 πατρίδα

66 1218 197 1297 ὄψονται,
209 1213 336 1295 πρότερον
347 1214 417 1272 ἄλλα
429 1236 458 1272 τε
463 1213 721 1287 ε’κταλαιπωραῦντες
731 1208 778 1268 καί
788 1206 863 1279 δίκην

66 1308 118 1375 τῆς
128 1307 155 1369 ἐς
164 1302 225 1370 relic
233 1301 327 1369 τοκέας
338 1301 521 1373 ἀνοσιότητος,
531 1302 553 1359 εί
564 1299 609 1359 καὶ
620 1301 725 1366 άκονεις
733 1298 862 1377 ἥμαρτον,

69 1391 190 1460 τενύντες
204 1394 242 1471 τῷ
257 1390 302 1449 τὸν
321 1389 376 1470 βίον
390 1391 478 1457 αὐτοῖς
491 1392 525 1456 είς
538 1388 606 1459 ζωὴν
625 1389 671 1448 καὶ
684 1387 794 1447 θάνατον
807 1386 863 1444 δια-

28 1502 56 1543 as
70 1483 232 1561 μερισθῆναι
243 1480 289 1538 καὶ
300 1482 347 1550 ζῆν
361 1478 408 1556 μὲν
424 1481 450 1536 έν
462 1479 552 1550 νυκτί,
565 1477 671 1557 νεκροὺς
683 1475 711 1535 δὲ
723 1478 750 1534 ἐν
764 1474 863 1554 ἑκάστῃ

68 1560 142 1629 εἶναι
165 1566 270 1648 ἡμέρα·
293 1557 352 1626 εἶτα
373 1568 411 1631 ὡς
433 1564 563 1632 τοιούτους
584 1562 721 1644 χρησμούς
740 1561 864 1628 λαθόντες

70 1656 235 1736 ἀπαίρουσιν
255 1655 367 1726 ἐκεῖθεν,
381 1652 427 1712 τδν
447 1654 583 1733 Ἀστραῖον
598 1652 643 1711 σὺν
659 1649 802 1729 Ζαμόλξιδι
813 1650 865 1707 λεί-

71 1766 170 1811 ποντες
183 1741 235 1801 θπδ
249 1745 337 1803 Γετῶν
359 1740 543 1816 δοξαζόμενον,
566 1741 611 1798 καλ
626 1741 676 1799 ὅσοι
688 1738 748 1820 περὶ
768 1742 863 1820 βορρᾶ-ι

72 1832 165 1899 αὐτοῖς
175 1830 301 1911 τεράστια
315 1830 377 1889 ἰδεῖν
392 1830 437 1888 καὶ
450 1831 562 1889 ἀκοῦσαι
577 1830 733 1908 συνηνέχθη.

23 1940 57 1977 αα
114 1922 157 1981 Ζ’.
179 1923 273 1981 Ταῦτα
298 1921 386 1978 πάντα
409 1920 513 1984 Δεινίας
535 1919 603 1977 κατδι
623 1918 729 1989 Θούλην
751 1916 865 1983 αἰκούσας

71 2007 250 2086 διηγουμένης
272 2006 461 2087 Δερκυλλίδας,
477 2007 612 2084 εἰσάγεται
632 2011 676 2064 νῦν
691 2004 863 2085 ἀπαγγέλλων

70 2098 112 2175 τῷ
125 2094 235 2175 Ἀρκάδι
250 2092 363 2176 Κύμόιρ·
377 2094 421 2152 ἐπὶ
432 2093 532 2162 τούτοις
541 2095 587 2153 καλ
598 2098 632 2162 ῶς
643 2093 753 2160 Παάπις
763 2092 864 2152 διώκων

71 2185 134 2241 κατ’
152 2182 216 2263 ἴχνη
230 2181 290 2249 τοὺς
303 2182 363 2261 πιρί
382 2183 546 2263 Δερκυλλίδα
565 2183 661 2255 ἐπέστη
682 2184 770 2249 αὐτοῖς
791 2185 817 2241 ἐν
831 2187 864 2262 τῇ

72 2270 163 2353 νήσῳ·
187 2269 233 2329 καί
250 2269 280 2329 τὸ
297 2270 379 2335 πάθος
400 2271 496 2336 ἐκεῖνος
512 2270 595 2351 ,τέχνη
611 2274 711 2351 μαγικῇ
734 2268 862 2342 ἐπέθηκε,

18 2376 61 2415 2⁸
74 2359 196 2431 θνήσκειν
209 2358 257 2436 μέν
269 2356 388 2437 ἡμέρας,
405 2357 578 2417 ἀναὸιώσκειν
594 2359 621 2417 δέ
633 2358 723 2426 νυκτὸς
738 2360 865 2436 έπιγιγνο·

75 2448 171 2525 μίνης,
185 2447 231 2507 καὶ
250 2446 374 2513 τὸπάθος
387 2448 476 2513 αὐτοῖς
497 2446 616 2517 ἐνέθηκεν
629 2445 764 2523 έμπτύσας
779 2447 864 2503 αθτῶν

76 2536 144 2595 κατὰ
158 2534 190 2595 τθ
204 2536 318 2616 έμφανίς
331 2539 385 2593 τοῖν
399 2534 565 2614 προσῶποιν·
578 2534 623 2593 καί
642 2538 676 2601 ὡς
697 2532 866 2613 Θρουσκανός

77 2646 113 2690 τις
134 2622 281 2697 Θαυλίτης,
307 2622 419 2703 ίραστὴς
442 2622 565 2703 διάπυρος
590 2623 779 2702 Δερκυλλίδας,
804 2619 864 2679 ἰδὼν

78 2716 208 2771 πεσοῦσαν
230 2715 268 2791 τῷ
284 2714 314 2771 έκ
329 2711 468 2777 Παάπιδος
490 2712 568 2769 πάθει
592 2710 639 2783 τὴν
664 2709 797 2789 ἐρωμένην
820 2711 864 2767 καὶ

22 2818 72 2857 ³⁰
81 2798 263 2879 θπεραλγήσας
273 2800 364 2880 ἀθρόαν
377 2823 405 2857 τε
421 2799 542 2870 ἐπιστὰς,
555 2798 627 2857 παίει
639 2801 668 2857 έκ
680 2803 724 2857 τοῦ
738 2797 865 2878 αἰφνιδίου

83 2887 120 2945 τάν
133 2888 245 2949 Παάπιν
257 2888 303 2946 καί
315 2890 416 2967 ἀναιρεῖ
428 2893 504 2945 ταῦτα
517 2888 590 2964 μολις
602 2890 652 2945 τῶν
665 2885 764 2966 μυρίων
776 2889 866 2944 κακῶν

85 2973 151 3043 adice
165 2975 322 3055 εθράμενον·
339 2976 385 3033 καὶ
403 2978 437 3042 ὡς
456 2975 639 3055 Θρουσκανδς,
654 2974 711 3033 dcccl
725 2974 866 3055 Δερκυλλίς

85 3060 161 3123 ίιιιιτο
173 3066 287 3123 δακοῦσα
301 3062 380 3144 νεκρά
390 3109 398 3140 ,
409 3065 501 3123 ἑαυτὸν
514 3063 748 3145 ἐπικατασφάττει.
772 3065 865 3124 Ταῦτα

85 3154 166 3213 πάντα
185 3151 232 3212 καί
251 3152 350 3211 τούτων
364 3150 440 3233 ἕτερα
454 3154 541 3213 πολλὰ
562 3152 756 3232 παραπλήσια,
777 3153 825 3223 τήν
838 3178 865 3212 τε

28 3250 68 3289 ³⁵
84 3240 163 3323 ταφὴν
177 3242 265 3299 αὐτῶν
280 3241 325 3299 καὶ
340 3239 387 3312 rip
402 3241 499 3299 ἐκεῖθεν
520 3240 725 3321 ὑπαναχώρησιν
746 3240 792 3299 καὶ
809 3240 866 3302 τοὺς

82 3326 177 3407 ίρωτας
198 3328 362 3405 Μαντινίου,
383 3328 430 3387 καί
451 3329 500 3387 ὅσα
525 3329 569 3387 διά
591 3336 666 3389 τοῦτο
690 3328 803 3403 συνέὸη,
821 3330 866 3387 καὶ

80 3412 153 3501 ίτερα
175 3416 253 3495 ὅμοια
274 3416 343 3476 κατδι
357 3416 464 3489 Θαύλην
486 3417 533 3489 τὴν
555 3422 634 3489 νῆσον
652 3418 755 3484 Δεινίας
774 3418 865 3495 μαθὼν

79 3504 275 3585 μνθαλαγούσης
298 3505 473 3586 Δερκυλλίδας
494 3506 629 3584 εἰσάγεται
642 3512 686 3565 νῦν
705 3507 866 3586 συνυραίνων

76 3592 114 3673 ἡ
139 3594 249 3675 Ἀρκάδι
271 3592 384 3672 Κύμδαι.
429 3594 483 3654 Καί
507 3596 710 3673 συμπληροῦσαι
738 3594 866 3676 Ἀντωνίῳ

29 3686 61 3723 ⁴⁰
74 3680 196 3764 Διογένει
219 3685 235 3741 ό
260 3682 375 3750 εἰκοστὸς
396 3683 480 3763 τρίτος
502 3683 576 3760 λόγος
597 3686 648 3740 τῶν
673 3680 737 3760 ὑπὲρ
760 3682 867 3753 Θαύλην

73 3764 297 3851 θπιγραρομίνων
311 3771 445 3843 ἀπίστων,
460 3774 546 3828 καίτοι
559 3772 641 3843 μηδὲν
660 3769 677 3842 ἢ
695 3770 796 3850 βραχέα
809 3769 868 3829 κατ’

72 3853 164 3939 ἆρχδς
177 3858 238 3939 περὶ
252 3858 359 3931 θαύλης
372 3864 420 3932 τῆς
431 3862 584 3939 συγγραφῆς
597 3858 816 3930 ὑποδηλωσοίσης.

118 3944 167 4009 H'.
184 3944 219 4008 ‘0
239 3946 267 4006 δέ
281 3947 397 4015 είκαστδς
414 3947 536 4026 τέταρτος
548 3946 624 4025 λόγος
639 3945 737 4024 εἰσάγει
750 3942 868 4015 ’Δζουλιν

69 4024 265 4114 ἃῑηγαύμενον,
286 4038 407 4095 κάκεῖθεν
429 4034 534 4095 Δεινίαν
553 4043 605 4101 τοῖς
627 4034 774 4112 ἔμπροσθεν
795 4034 868 4115 αὐτῷ

25 4114 55 4155 ⁴⁵
68 4124 283 4203 μυθολογηθεῖσι
295 4122 360 4203 πρὸς
375 4123 491 4200 Κύμὸαν
506 4122 656 4204 συνείροντα
671 4123 705 4181 τὰ
717 4122 868 4197 Ἇζούλιδος,

66 4202 113 4273 ὣς
123 4212 288 4284 κατανοῆσαι
299 4215 347 4282 τῆς
356 4210 478 4291 γοητείας
486 4212 643 4291 τόντρόπον,
654 4211 713 4269 καθ’
722 4211 750 4272 ὃν
762 4210 870 4279 Παάπις

66 4290 220 4373 δΥθτίτευσε
234 4301 398 4382 Δερκυλλίδα
413 4301 458 4360 καί
480 4301 641 4374 Μαντινίαν,
656 4301 730 4360 νυκτί
743 4302 790 4378 μέν
805 4304 870 4369 ζῶν-

66 4388 187 4466 *Ueste
208 4388 295 4470 ἡμέρα
316 4387 344 4447 δέ
363 4386 470 4469 νεκροὺς
493 4380 575 4447 εἶναι·
596 4388 641 4446 καί
664 4392 700 4454 ὡς
719 4386 868 4458 ἀπήλλαξεν

65 4467 177 4544 “fiante
188 4481 233 4537 τοῦ
244 4477 358 4551 πάθους,
370 4478 414 4537 τόν
427 4501 457 4536 τε
468 4476 563 4558 τρόπον
578 4481 624 4549 τῆς
635 4476 762 4556 τιμωρίας
773 4475 870 4549 ταύτης

21 4554 54 4595 ⁹³
64 4556 126 4615 καὶ
145 4564 176 4636 δ’),
197 4566 243 4625 καὶ
256 4570 304 4640 τῆς
323 4566 431 4639 ἰάσεως,
450 4568 481 4625 ἐκ
494 4571 541 4625 τοῦ
558 4565 680 4648 πηριδίου
696 4563 811 4646 ἀνευρὼν
824 4570 869 4625 τοῦ

64 4634 268 4724 ΙΙ*ἱείσαδομθ
283 4652 488 4737 συνεπερέραντο
503 4654 649 4721 Μαντινέας
660 4654 705 4712 καὶ
715 4653 869 4733 Δερκυλλίς·

63 4724 101 4781 οὗ
126 4737 208 4811 μόνον
218 4739 257 4815 dl,
269 4744 327 4801 ἀλλ’
340 4734 398 4824 εθρε
410 4744 456 4802 καὶ
469 4742 539 4809 ὅπως
554 4742 698 4822 Δερκυλλὶς
711 4741 756 4800 καὶ
768 4743 870 4801 Μαντι-

61 4810 329 4901 ’ίαςάπαλλάξειαν
342 4830 458 4909 μεγάλου
469 4836 551 4889 κακοῦ
561 4829 620 4897 τοὺς
629 4828 720 4895 τοκέας
727 4826 870 4905 κειμένους,

57 4894 123 4973 ὡς
142 4916 282 4991 θπαθήκαις
294 4920 446 4995 Παάπιδας,
460 4924 495 4989 ὥς
506 4918 537 4979 διν
547 4919 592 4978 ἐπὶ
603 4922 642 5000 τῷ
654 4917 758 4977 ἐκείνων
770 4918 869 4999 συμρί·

905 249 971 309 giunr
987 262 1000 298 e
1016 248 1137 298 Leontinis
1149 250 1285 308 trajecerint
1301 250 1405 312 indeque
1420 255 1587 315 Metapontum
1602 259 1642 308 ubi
1655 274 1696 309 eos

906 350 1012 397 Astraeus
1036 351 1173 406 assecutuS,
1197 347 1284 409 Paapin
1305 361 1317 396 e
1336 349 1438 410 vestigio
1457 354 1525 414 sequi
1545 356 1693 417 significarit.

906 444 981 503 utque
994 454 1042 490 una
1059 441 1157 503 protecti
1169 441 1216 488 sint
1228 454 1285 489 crim
1296 441 1337 490 illo
1349 442 1379 491 ad
1392 442 1495 493 Thraces
1505 448 1529 495 et
1542 450 1694 513 Massagetas.

906 537 947 586 ribi
962 537 1083 586 zamolxis
1099 538 1152 598 ejus
1174 537 1253 585 socius
1267 539 1318 586 erat
1330 538 1442 589 tendente
1456 560 1462 589 r
1477 541 1584 605 quidque
1604 546 1629 594 in
1651 548 1696 597 troc

907 632 991 681 itinere
1001 632 1178 694 conspexerint,
1194 633 1218 681 et
1232 632 1354 693 quomodo
1370 637 1476 684 Astreus
1491 636 1514 686 in
1530 640 1695 693 Zamolnidem

907 727 1031 788 inciderit,
1045 726 1107 789 apud
1121 728 1193 776 Getas
1204 727 1254 788 jam
1265 741 1307 790 pro
1317 727 1363 777 deo
1373 730 1467 780 cultum
1478 768 1485 791 ,
1495 746 1600 796 quaeque
1615 737 1696 788 dicere

908 827 985 888 ipsum
1007 826 1031 873 et
1054 837 1138 886 rogare
1153 837 1196 886 pro
1218 837 1244 873 sc
1266 827 1385 874 Astraeum
1407 827 1520 888 iusserint
1543 834 1658 894 Dercyttis
1673 839 1696 885 et

907 919 1053 972 Mantinias:
1067 922 1095 969 ut
1104 919 1136 968 ibi
1150 917 1197 969 iltis
1208 920 1334 969 oracutum
1349 920 1433 972 datum
1445 924 1476 974 ait
1488 925 1512 974 in
1524 927 1619 977 Tlrutcu
1633 931 1697 994 insu-

908 1018 956 1066 lam
970 1017 1005 1065 irc
1019 1016 1043 1064 in
1063 1015 1195 1077 fatiscam,
1217 1016 1314 1065 tandem
1331 1018 1403 1067 etiarn
1425 1021 1527 1081 patriam
1549 1024 1656 1085 viamus,
1673 1030 1697 1075 et

908 1111 953 1161 alia
966 1114 1048 1160 tamen
1061 1110 1126 1172 prius
1142 1122 1224 1172 passos
1237 1113 1261 1159 ct
1275 1111 1404 1173 impietatis
1422 1113 1446 1162 in
1461 1119 1587 1177 parentes,
1602 1121 1696 1169 tarnem

908 1205 1062 1267 deliquissent
1086 1203 1169 1266 inviti,
1194 1203 1270 1265 punis
1290 1203 1377 1254 datia:
1405 1206 1478 1256 vitam
1497 1210 1612 1260 nimirum
1641 1214 1697 1276 ipsis

909 1319 964 1355 cum
972 1302 1697 1374 morteattcrniavicibuecommutatumirictnoctuquldem

910 1406 1030 1462 victuros,
1043 1403 1148 1452 interdiu
1161 1416 1217 1453 vero
1231 1416 1326 1466 semper
1341 1408 1451 1456 mortuos
1463 1407 1570 1472 loturos;
1584 1412 1696 1475 (Refert)
1753 1428 1756 1434 ’

909 1505 996 1555 deinde
1007 1504 1053 1553 troc
1064 1504 1147 1553 andito
1158 1504 1213 1554 illos
1231 1504 1287 1554 inde
1303 1505 1437 1556 discessisse
1453 1511 1561 1569 Astraeo,
1576 1514 1618 1574 qui
1632 1515 1696 1576 apud

910 1611 983 1660 Getas
995 1610 1018 1658 ln
1029 1608 1207 1659 existimatione
1216 1612 1283 1670 crat,
1296 1623 1351 1658 cum
1368 1612 1508 1662 Zumolxide
1524 1616 1627 1679 relictis,
1642 1632 1697 1681 quar

909 1714 966 1763 item
983 1713 1012 1763 ad
1034 1716 1136 1764 Boream
1159 1713 1240 1763 videre
1262 1716 1414 1766 monstruosa
1435 1720 1509 1780 atque
1535 1719 1618 1771 audire
1641 1723 1697 1785 ipsis

909 1817 1043 1881 contigerit.

940 1926 996 1972 vlt.
1015 1926 1076 1982 Quae
1086 1921 1168 1972 omnia
1180 1921 1263 1973 Diniae
1274 1922 1298 1972 in
1309 1924 1387 1974 Thule
1397 1938 1428 1975 ex
1441 1927 1574 1987 Dercytlide
1585 1934 1699 1980 narrante

910 2018 993 2068 audita
1007 2032 1073 2068 nunc
1086 2018 1212 2069 tnducitur
1226 2021 1315 2069 reterre
1324 2021 1412 2069 Arcadi
1431 2021 1544 2084 cymbam
1562 2024 1592 2072 ad
1604 2025 1657 2075 haec
1672 2031 1699 2075 ut

911 2116 995 2178 l’aapis
1007 2114 1166 2177 Dercyllidem
1176 2117 1339 2178 persecutuse
1350 2116 1447 2179 vestigio
1460 2119 1483 2167 in
1493 2132 1521 2168 ee
1533 2120 1609 2170 insula
1618 2122 1646 2171 iis
1660 2137 1698 2171 sn·

911 2211 1046 2273 pervenerit
1063 2212 1088 2260 ct
1099 2214 1152 2261 arte
1167 2224 1211 2260 sua
1223 2211 1313 2272 magica
1323 2211 1346 2260 td
1358 2212 1491 2276 injunxerit
1508 2216 1536 2264 ut
1549 2222 1699 2267 morerentur

909 2308 1008 2371 quidem
1018 2307 1137 2369 interdiu,
1155 2311 1227 2358 nocte
1239 2321 1296 2357 vero
1311 2308 1442 2360 accedente
1458 2311 1640 2373 reviviscerent,
1653 2315 1698 2365 lroc

911 2403 1003 2452 malum
1014 2402 1042 2451 iis
1054 2403 1181 2465 iniungens
1196 2404 1242 2452 troc
1252 2403 1324 2452 modo
1334 2406 1360 2453 ut
1370 2404 1464 2466 publice
1474 2406 1499 2456 in
1507 2407 1604 2457 illorum
1615 2409 1699 2459 taciem

910 2500 1063 2558 conspueret.
1099 2500 1173 2545 Porro
1187 2498 1354 2546 Tliruseanuin
1369 2500 1498 2560 quemdam
1519 2502 1596 2550 Tliule
1617 2504 1699 2552 oriun-

910 2591 987 2649 dum,
1008 2591 1169 2652 Dercpllidenr
1196 2591 1367 2653 ‹teperenntern
1395 2595 1445 2642 viso
1465 2600 1569 2644 amatam
1592 2599 1699 2659 Paapidis

911 2684 981 2733 malis
991 2685 1083 2734 artibus
1095 2685 1235 2743 concidere,
1248 2687 1369 2747 ingentem
1380 2688 1440 2735 adeo
1452 2688 1542 2749 cepisse
1555 2684 1662 2739 dolorem
1673 2695 1699 2740 ut

911 2782 1009 2841 repente
1024 2779 1152 2841 Paapideru
1175 2780 1289 2829 invadens
1303 2781 1384 2830 sirbito
1406 2783 1549 2843 percusserit
1563 2786 1588 2833 ct
1601 2785 1698 2835 interte-

911 2873 970 2920 eerit
981 2871 1019 2920 eui
1036 2873 1089 2933 post
1104 2872 1208 2932 ingentia
1221 2873 1286 2920 mala
1298 2873 1352 2920 tatis
1366 2873 1446 2921 exitus
1458 2874 1573 2924 acciderit
1587 2896 1592 2924 :
1608 2876 1699 2925 Thrus-

910 2978 997 3014 canum
1013 2968 1093 3013 tamen
1105 2968 1233 3027 postquam
1251 2966 1369 3027 Dercyllis
1383 2969 1486 3015 morture
1500 2968 1584 3017 struitis
1596 2969 1699 3030 jaceret,

911 3063 1007 3124 insuper
1029 3063 1107 3111 seviret
1127 3062 1205 3124 ipsum
1225 3062 1380 3111 interfecisse.
1414 3063 1473 3112 llaec
1491 3063 1564 3125 igitur
1582 3065 1663 3113 omnia
1675 3071 1700 3115 at

911 3158 958 3208 alia
975 3156 1000 3206 id
1019 3170 1095 3219 genus
1109 3158 1202 3217 multa,
1221 3160 1249 3206 ut
1270 3170 1356 3207 eorurn
1375 3158 1524 3220 sepulturam
1538 3163 1562 3207 et
1577 3172 1590 3208 e
1604 3160 1699 3208 tumulo

911 3252 1032 3314 reditum,
1050 3264 1145 3301 amores
1157 3252 1288 3314 Mantinia,
1306 3265 1410 3315 quaeque
1423 3255 1549 3316 propterea
1561 3253 1701 3304 acciderunt

910 3351 935 3398 et
953 3348 1000 3399 alia
1025 3346 1144 3409 eiusmodi
1167 3347 1276 3396 latratosa
1297 3361 1352 3396 curn
1373 3348 1456 3397 ninias
1477 3347 1503 3397 in
1522 3348 1600 3399 Tlmte
1623 3350 1700 3399 insuta

912 3442 1048 3505 Dercyllide
1062 3443 1193 3503 referente,
1210 3443 1375 3504 cogitavisset,
1395 3442 1518 3492 inducitur
1537 3442 1620 3494 eadem
1637 3458 1701 3495 nune

911 3547 1026 3596 continua
1047 3526 1164 3595 oratione¹
1184 3559 1299 3595 enarrans
1312 3546 1397 3595 arcadi
1419 3546 1527 3608 caniba.
1561 3551 1640 3611 Atque
1661 3548 1700 3597 trie

911 3646 965 3695 linis
976 3650 1013 3696 est
1024 3647 1088 3696 tertii
1100 3650 1125 3696 et
1135 3648 1241 3709 vigesimi
1252 3647 1306 3696 libri
1324 3647 1421 3697 Antonii
1435 3648 1548 3709 Diogenis
1557 3648 1598 3711 qrri
1617 3649 1700 3697 inscri-

912 3747 977 3796 bitur
989 3746 1160 3797 Incredibilia
1172 3747 1203 3796 dc
1221 3747 1316 3803 Tlrnte,
1331 3761 1407 3811 quum
1420 3749 1478 3797 nitril
1491 3752 1532 3797 aut
1544 3762 1620 3811 pauca
1634 3750 1701 3799 initio

911 3850 942 3899 de
953 3850 1031 3899 Ttiule
1041 3850 1065 3898 in
1078 3850 1125 3899 lroc
1139 3864 1211 3913 opere
1224 3850 1347 3901 memoriae
1362 3853 1456 3914 prodita
1472 3854 1528 3902 sint.

942 3955 1009 4002 Vltl.
1027 3955 1133 4011 Quartus
1157 3966 1214 4002 vero
1237 3955 1262 4003 et
1276 3955 1404 4004 viceslmus
1425 3956 1484 4005 litter
1505 3957 1597 4006 inducit
1617 3958 1700 4006 aarrlin

912 4044 1051 4091 narrantem
1067 4046 1092 4091 et
1104 4042 1159 4090 inde
1171 4042 1244 4091 etiam
1257 4044 1352 4092 Diuiam
1364 4044 1395 4092 ad
1408 4057 1436 4093 ea
1448 4058 1504 4106 quar
1516 4048 1586 4093 antea
1599 4046 1699 4106 Guntia·¹

913 4131 1048 4192 retulisset,
1065 4130 1171 4180 naulidls
1189 4134 1254 4191 gesta
1270 4134 1447 4180 conterentem.
1482 4133 1610 4188 Quomodo
1629 4133 1700 4180 ninii-

913 4233 967 4269 rum
989 4219 1165 4281 praestigiarum
1185 4218 1282 4267 illarum
1303 4219 1420 4269 rationem
1440 4219 1636 4282 deprelrenderit;
1653 4234 1701 4282 qun

913 4309 999 4370 Paapis
1015 4307 1175 4369 Dercyllidem
1196 4310 1220 4356 ct
1242 4309 1383 4357 Mantiniam
1405 4309 1562 4358 fascinaverat
1583 4313 1611 4358 ut
1631 4311 1702 4358 nocte

914 4398 1038 4456 viverent,
1057 4395 1161 4446 interdiu
1178 4400 1344 4457 morerentur;
1365 4398 1488 4459 quomodo
1503 4399 1547 4446 islo
1562 4398 1647 4447 morbo
1661 4412 1702 4447 cos

914 4488 1053 4538 liberaverit
1067 4492 1119 4536 tum
1133 4486 1232 4535 niodum
1249 4487 1320 4547 liujus
1333 4500 1411 4547 pruine
1426 4486 1573 4548 inlligendar,
1585 4490 1638 4536 turn
1650 4487 1702 4549 ejus

913 4576 1027 4626 curanda
1046 4589 1077 4624 ex
1090 4576 1174 4638 perula
1187 4575 1298 4638 Paapidis
1309 4576 1411 4634 clectus,
1432 4589 1505 4637 quam
1519 4589 1601 4625 secum
1614 4576 1701 4626 attule-

914 4669 969 4715 rant
989 4664 1118 4714 Mantinias
1133 4669 1158 4713 et
1179 4664 1309 4727 Dercyltis5
1325 4677 1403 4726 neque
1423 4664 1470 4712 troc
1486 4664 1564 4714 solum
1578 4678 1661 4713 verum
1678 4668 1703 4714 et

915 4754 972 4802 illud
988 4754 1091 4815 repperit
1102 4753 1227 4815 qrronrodo
1240 4752 1358 4814 ltcrcyttis
1369 4753 1393 4801 et
1407 4752 1535 4802 llantinlas
1546 4757 1656 4815 parentes
1665 4754 1700 4814 Ja-

915 4845 996 4891 centes
1017 4843 1106 4904 ingenti
1128 4843 1192 4892 malo
1213 4841 1313 4891 liberare
1334 4843 1432 4903 possent
1452 4841 1520 4892 :lios
1539 4842 1603 4892 enim
1621 4842 1655 4892 illi
1672 4856 1701 4890 ei

917 4931 1026 4995 l‘aapidis
1035 4932 1187 4997 praescripto,
1198 4931 1268 4996 quasi
1279 4931 1325 4981 troc
1336 4930 1393 4994 ipsis
1405 4930 1558 4994 proltrturunr
1568 4932 1639 4993 esset,
1650 4930 1710 4979 diro·
