3726 5692
194 338 252 390 552

193 442 399 524 περιπλακείσης
412 445 445 520 τῇ
459 439 543 521 κόρη,
558 439 604 498 καί
625 436 781 514 φιλημάτων
798 432 978 515 πληρωσαὶσης

193 533 223 592 τὸ
236 532 386 613 πρόσωπον.
399 527 473 605 Ἐγὼ
483 527 506 587 δ’
518 527 576 586 ἀλλ’
587 526 709 607 ἐφθόνουν
727 523 775 596 τήν
785 523 907 603 μητέρα,
917 520 978 590 καὶ,

193 618 226 692 νή
244 619 304 686 τοὺς
317 617 404 689 θεοὺς,
417 618 465 688 τήν
478 615 555 698 φύσιν
568 614 674 685 ἐζήτουν
692 612 867 682 ἀλλάξασθαι·
881 610 939 670 ἐπεὶ
951 610 978 668 δὲ

192 713 270 768 τοῦτο
294 707 332 784 μή
346 709 447 785 παρῆν,
471 703 504 762 τέ(
527 703 605 782 χείλη
624 705 670 772 τῆς
690 699 788 780 μητρθς
814 699 979 780 κατεφιλησα

168 797 347 876 ακαταφιλῶν
365 795 491 873 τεχνικῶς
504 797 553 863 τ’ής
571 792 650 871 κόρης
667 789 698 849 τὸ
715 789 870 869 πρόσωπον,
883 788 931 848 καὶ
943 778 980 847 ιῖ-

193 908 241 968 χον
254 883 302 957 τήν
320 883 420 963 μητέρα
438 885 670 961 καθυπουργοῦσαν
691 881 728 945 εές
742 877 842 959 ἐρωτα,
862 900 981 953 μετακο-

87 978 89 985 '
195 973 320 1053 pitancia
345 994 389 1050 μοι
410 969 559 1051 φιλήματα.
606 968 672 1046 Περὶ
695 967 742 1044 μίν
763 957 808 1026 οὕν
831 967 864 1038 δή
882 965 982 1047 πατρὸς

195 1065 260 1140 ἐμοῦ
272 1060 317 1120 καὶ
334 1058 432 1141 μητρός
446 1057 562 1138 ἀκριόῶς
572 1060 619 1117 οὕκ
629 1047 689 1116 οέδα
702 1058 757 1122 πῶς
771 1054 833 1135 περί
855 1053 904 1128 τήν
916 1077 980 1135 παρ·

196 1151 267 1213 θίνον
288 1141 370 1228 εἶχον,
396 1148 516 1213 καὶπῶς
540 1147 621 1217 αὐτῆς
650 1143 864 1217 ἀπηλλάττοντο·
884 1141 936 1222 ἐγὼ
953 1141 982 1202 δέ

155 1259 181 1299 io
195 1243 282 1317 μόνοις
296 1235 463 1310 ἀπεσπώμην
475 1233 556 1294 ποσί·
573 1232 622 1305 τήν
635 1231 687 1312 γάρ
705 1255 749 1311 μοι
760 1230 849 1312 ψυχήν
868 1230 913 1289 καὶ
929 1232 980 1311 όφ-

195 1326 311 1402 θαλμοθς
326 1324 372 1384 καὶ
392 1324 436 1383 τὸν
450 1328 510 1383 νοῦν
531 1326 566 1390 ὡς
584 1320 812 1403 παρακαταθήκην
836 1323 927 1402 ἐφῆκα
947 1322 980 1397 τῇ

196 1415 279 1496 κόρη,
293 1413 339 1472 καί
353 1402 407 1471 οἷον
423 1409 559 1490 ἐχέγγυον.

238 1522 274 1564 it.
297 1495 351 1560 Καὶ
365 1499 426 1580 περί
441 1499 490 1563 τλν
501 1499 591 1571 κλίνην
606 1496 743 1576 γενόμενος
758 1495 858 1576 μυρίοις
870 1519 982 1555 κατετο-

197 1589 346 1672 ραννοόμην
359 1597 412 1673 τοῖς
428 1588 575 1666 λογισμοῖς,
587 1587 635 1658 τήν
650 1585 739 1667 ψυχὴν
753 1583 981 1663 ἐπολιορκοόμην,

154 1705 180 1743 ιε
196 1680 242 1739 καὶ
257 1683 309 1739 τῶν
321 1679 463 1758 ὀφθαλμῶν
478 1675 637 1757 ἡρπαζόμην
647 1676 691 1733 τὀν
702 1672 792 1747 ὕπνον,
804 1677 840 1742 ὡς
851 1673 980 1755 λάφυρον·

195 1770 221 1828 Τ
222 1766 254 1839 ήν
269 1766 422 1842 Αὕλίκωμιν
432 1769 479 1836 τῆς
490 1762 636 1845 φιλοξενίας
646 1761 803 1839 ἐθαύμαζον,
814 1762 832 1834 ή
844 1761 891 1821 καὶ
902 1763 982 1843 μέχρι

194 1856 283 1916 ποδῶν
298 1854 440 1914 ἐπεκτείνει
451 1853 482 1913 τὸ
497 1850 615 1922 ξένιον·ιι
631 1852 701 1930 Παρ’
712 1851 777 1926 ἡμῖν
793 1850 817 1909 δ’
830 1850 889 1909 οὐδὲ
905 1850 984 1930 μέχρι

197 1970 209 1996 e
231 1946 340 2023 χειρῶν,
351 1932 389 2008 οἷς
406 1940 495 2021 βωμὸς
510 1940 605 1999 Ξενίου
622 1940 698 2008 Διὸς,
714 1929 751 2006 οἷς
773 1939 849 2021 ἑορτή
863 1938 898 1998 τθ
916 1940 982 1999 Διό-

198 2058 210 2086 ι
230 2052 289 2090 σια·
306 2031 351 2089 ἵνα
368 2032 394 2089 τί
412 2030 464 2110 γθρ
488 2029 526 2107 μὴ
546 2027 620 2105 κάγὼ
646 2026 737 2087 πλόνω
757 2027 817 2096 τοθς
837 2030 919 2095 πόδας
937 2033 984 2100 τῆς

154 2143 182 2184 ao
196 2146 209 2173 ι
230 2119 325 2198 κόρης,
345 2123 380 2185 ὼς
395 2117 461 2187 αὕτή
475 2117 535 2183 τοθς
547 2116 626 2194 ἐμοὺς
646 2117 789 2197 φιλοτίμως
808 2117 981 2190 κατέπλυνεν,

196 2235 209 2261 ι
230 2208 273 2267 ίνα
287 2210 312 2266 τί
332 2206 369 2285 μή
388 2206 447 2267 κατ’
473 2207 574 2278 ἐκείνην
591 2206 694 2288 φιλήσω
711 2205 800 2282 κάγὼ,
823 2206 868 2263 καὶ
884 2205 983 2286 θλίψω,

198 2324 210 2349 ι
232 2296 278 2355 καλ
291 2295 520 2370 καταμαλθακίοω
535 2294 634 2366 ταύτην
647 2296 794 2375 ἐρωτικῶς,
814 2294 863 2351 όσα
879 2318 912 2367 με
924 2294 983 2352 τότε

201 2410 213 2438 ι
237 2383 483 2460 κατεμαλθόκισεν;
501 2409 513 2434 ι
527 2381 607 2442 Οὕτω
621 2382 867 2462 κατετυραννοιίμην
881 2381 907 2450 ἐξ
922 2381 985 2460 ἔρω-

198 2490 261 2543 τος,
280 2470 326 2528 καί
347 2469 376 2526 τθ
398 2466 465 2527 πολθ
479 2472 526 2539 τῆς
546 2468 636 2534 νυκτὸς
655 2470 791 2546 λογισμοῖς
805 2469 984 2548 παρεμετρού-

157 2584 183 2621 25
198 2581 251 2636 μην
272 2559 419 2634 ἐρωτικοῖς·
433 2557 479 2614 καλ
498 2555 578 2614 ὕπνον
605 2545 676 2636 ι’ίχον
693 2557 737 2616 καὶ
760 2557 856 2628 ἡδονήν
880 2556 910 2615 τὸ
924 2558 985 2638 περὶ

196 2646 244 2717 τήν
258 2645 338 2724 κόρην
353 2644 504 2703 διασκοπεῖν
518 2644 668 2725 ἀγρύπνως.
682 2644 751 2706 Ἀλλ’
764 2649 778 2703 θ
789 2646 878 2713 ἐίόπος
888 2647 924 2712 eir
934 2645 983 2704 ὕπ·

198 2759 242 2795 νον
256 2737 376 2794 ἀνθιῖλκι
388 2732 448 2796 τοθς
463 2732 625 2814 ὀφθαλμοὺς,
646 2733 691 2793 καί
712 2724 742 2803 ήν
757 2732 827 2810 ἀγὼν
846 2738 910 2814 παρ’
927 2734 985 2810 ἐμοὶ

197 2823 243 2882 καί
263 2822 355 2883 Κόπου
365 2821 411 2881 καὶ
424 2817 561 2902 Ἔρωτος,
575 2825 598 2881 ol
614 2824 637 2880 δ’
649 2821 781 2903 ὀφθαλμοί
791 2845 842 2899 μου
856 2821 937 2899 μέσον
951 2825 986 2889 όις

199 2913 273 2977 πολις
282 2909 502 2989 πολιορκουμένη.
508 2907 542 2969 ‘0
552 2907 601 2987 μέν
610 2901 654 2970 οὕν
665 2909 747 2990 βαρὺς
757 2911 845 2977 Κόττος
852 2910 896 2969 τὸν
906 2910 984 2971 ὕπνον

158 3017 185 3058 ³0
198 3002 233 3066 ὣς
242 3000 272 3057 ἐκ
288 3001 411 3076 μηχανῆς
424 2995 492 3063 τινὸς
506 2995 551 3055 ἐπί
568 2996 627 3065 τοθς
637 2998 786 3079 ὀφθαλμοὺς
799 2996 983 3078 ήκροόόλιῑεν·

198 3090 213 3145 θ
228 3088 251 3145 δ’
265 3085 355 3166 Ἔρως
366 3095 419 3153 τοῖς
433 3086 644 3158 ἐλλεπαλλήλοις
655 3091 708 3146 τῶν
723 3091 827 3147 ἐννοιῶν
842 3086 917 3153 δλους
930 3111 986 3146 κα-

198 3174 396 3256 ταφραξοίμενός
411 3198 462 3252 μου
474 3173 535 3242 τοὺς
551 3174 715 3256 ὀφθαλμοὺς,
728 3177 793 3253 πρὸς
806 3176 865 3244 τοθς
875 3174 985 3256 ιἰκροῦο·

199 3261 307 3340 λισμοθς
321 3263 486 3342 ἀπεμάχετο,
500 3262 545 3321 καί
557 3266 646 3330 ίίόπος
658 3261 725 3340 μετέι
738 3264 838 3332 πολλὰς
850 3263 987 3343 κονίστρας

199 3350 328 3429 ἐκρότησε
338 3394 346 3423 ,
358 3350 404 3409 καὶ
423 3351 472 3421 τήν
487 3351 561 3422 νίκην
574 3349 729 3430 ὕπέκλιψεν,
746 3354 782 3418 ὡς
795 3351 821 3418 ἐξ
836 3354 903 3420 ὀπῆς
917 3349 987 3417 τινὸς

159 3455 186 3495 ab
199 3437 279 3497 ὕπνον
293 3439 393 3497 λεπτὸν
405 3441 459 3502 τοῖς
471 3439 614 3516 ὀφθαλμοῖς
627 3436 763 3515 ἐμόαλών.

241 3546 276 3586 lt.
300 3525 368 3604 Περὶ
387 3523 415 3583 δέ
429 3524 477 3596 τὴν
494 3525 584 3602 τρίτην
600 3524 718 3603 φυλακήν
731 3529 777 3596 τῆς
790 3525 881 3591 νυκτὸς
898 3526 987 3606 πατήρ

200 3613 262 3690 ἐμὸς
272 3614 422 3690 Θεμιστεὺς
437 3613 482 3672 καὶ
496 3612 585 3690 μήτηρ
598 3614 722 3673 Διόντεια
737 3613 783 3673 σὺν
797 3613 928 3675 Σωσθίνει
941 3617 987 3678 καὶ

200 3703 321 3783 flaviis,
338 3707 383 3762 καὶ
398 3705 451 3770 τοῖς
465 3703 553 3771 ἄλλοις
572 3706 627 3762 ὅσοι
646 3705 746 3771 τούτοις
764 3704 790 3772 ἐξ
806 3706 988 3784 Αὐλικόιμιδος

200 3790 319 3866 εἵποντο,
336 3795 394 3872 περὶ
410 3793 454 3850 τὸν
472 3793 562 3871 βωμὸν
578 3795 625 3853 σὺν
640 3794 726 3862 αὐτοῖς
738 3795 856 3872 ἐγένοντο
870 3796 987 3873 θύμασι,

163 3896 191 3936 ιο
202 3878 322 3945 θύσοντες
348 3880 456 3961 Σωτῆρι
473 3877 536 3956 Διί,
557 3883 603 3940 καὶ
623 3880 658 3940 τδι
681 3883 817 3962 πρόσφορα
841 3885 991 3965 λειτουργή·

201 3987 302 4034 σοντες·
321 3968 437 4044 Ὑσμίνη
457 3967 483 4028 δέ
505 3971 572 4048 μόνη
593 3971 653 4052 περὶ
675 3971 705 4030 τὸ
726 3971 859 4049 δωμάτιον
874 3975 989 4033 καταλέ-

200 4057 321 4130 λειπται,
333 4056 373 4114 ότι
384 4056 451 4132 μηδί
463 4063 596 4138 προσῆκον
609 4060 746 4141 παρθένοις
758 4062 859 4138 ἀνδρῶν
870 4062 988 4120 ἐναντίον

201 4147 309 4226 χωρεῖν.
326 4143 399 4221 Ἐγὼ
410 4145 434 4203 δ’
448 4149 580 4228 (οὐδὲγὰρ
593 4150 710 4227 ἠγνόησα
722 4151 752 4207 τ“ο
766 4149 918 4225 γινόμενον)
929 4149 990 4228 περὶ

202 4231 252 4305 τήν
264 4232 355 4304 κλίνην
371 4232 498 4310 ἐγενόμην
512 4237 559 4304 τῆς
570 4239 649 4316 κόρης
663 4238 747 4309 εὐθὺς,
762 4237 807 4295 καὶ
821 4240 991 4314 κοιμωμένην

161 4340 187 4378 ιε
202 4321 284 4392 αὐτὴν
299 4322 475 4402 κατεφίλησα.
486 4320 521 4384 Ἥ
532 4322 560 4382 δέ
573 4326 734 4404 ἐκπλαγεῖσα
744 4328 781 4407 τῷ
793 4326 935 4407 παραδόξῳ
944 4331 990 4387 τοῦ

202 4412 375 4490 πράγματος,
392 4417 439 4484 τῆς
450 4419 589 4493 στρωμνῆς
605 4415 773 4492 ἀνεπήδησε,
805 4443 818 4467 ι
841 4415 930 4476 bebai
944 4419 991 4474 τοῦ

202 4528 213 4553 ιι
229 4499 375 4576 deiparae!
395 4530 408 4554 ιι
426 4500 548 4581 λέγουσα.
566 4506 652 4580 Κάγὼ
666 4503 788 4583 ξυνέσχον
804 4504 898 4562 είπιίιν·
915 4532 927 4555 ι
943 4501 990 4574 Μή

202 4615 214 4640 ι
237 4588 338 4662 δείδιθι,
351 4590 494 4649 δέσποινα·
510 4592 650 4667 Ὑσμινίας
666 4591 734 4669 ἐγώ·
750 4619 762 4644 ν
778 4593 824 4651 καλ
838 4590 921 4670 λέγων
936 4591 992 4672 ipt-

202 4677 319 4746 λησο.Ἠ
334 4679 367 4754 δ’,
379 4709 390 4730 ι
405 4679 485 4739 Ἀλλὰ
494 4684 544 4740 ποῦ
557 4703 602 4758 μοι
611 4680 701 4759 πατὴρ
713 4682 759 4740 καὶ
773 4685 874 4761 μήτηρ,
887 4679 992 4753 νέζήτει

162 4793 190 4832 ω
204 4770 312 4841 μαθεῖν·
323 4768 375 4846 ἐγὼ
391 4770 424 4841 δ’,
435 4796 447 4818 ιι
460 4768 507 4836 Εἰς
523 4769 612 4849 βωμόν
627 4770 724 4828 Ξενίου
736 4771 806 4836 Διὸς,
821 4773 857 4838 ὡς
871 4768 993 4841 θύσωσιν,

204 4878 217 4905 ι
226 4917 229 4924 ,
239 4854 350 4930 ιίρηκα,
364 4860 441 4932 ἡμεῖς
451 4859 479 4915 δέ
492 4859 522 4917 οὕ
536 4856 648 4936 θόσομεν
664 4858 781 4938 Ἔρωτι,
792 4860 913 4939 θόαωμιν
927 4860 994 4920 πόν-

204 4968 216 4989 ··
238 4962 289 5006 τως
304 4942 348 4999 καί
363 4944 506 5024 παρθενίαν
522 4945 617 5025 αὑτήν,
632 4948 679 5007 καὶ
694 4947 768 5016 ὅλους
789 4950 898 5018 αθτοίς·
913 4976 926 5003 ιι
946 4949 993 5010 καί

204 5031 372 5107 περιπλακεὶς
385 5032 434 5104 τήν
448 5037 540 5113 κόρην,
551 5037 595 5095 καὶ
607 5036 707 5108 ταύτην
724 5040 877 5117 καταφιλῶν
892 5038 993 5098 αἰνεκλί·

203 5125 250 5190 θην
264 5120 401 5193 ἐρωτικῶς.
911 5128 915 5144 ’

810 299 1011 362 trudeim
1034 299 1131 358 bion.
1151 297 1184 356 E.

1593 288 1644 368 u·
1667 288 1823 366 ιιι-ιιι

1023 452 1092 499 mea,
1108 438 1224 500 virginem
1233 416 1343 498 amplexa
1353 435 1406 483 eret
1416 433 1442 482 et
1452 430 1547 481 vultam
1561 430 1615 492 eius
1626 429 1821 492 repleverun-

1023 548 1093 598 culis.
1126 550 1176 609 ligo
1189 548 1271 596 autem
1292 543 1432 594 invidebam
1447 541 1518 591 matri
1532 542 1572 600 et,
1589 552 1634 602 per
1656 539 1735 600 deos,
1751 538 1820 589 virile

1023 657 1129 709 serneio
1142 655 1260 706 muliebre
1279 659 1429 703 commutare
1448 650 1597 715 proseptum
1618 648 1660 698 sed
1680 662 1743 698 eum
1763 661 1819 713 spes

1024 769 1161 829 deooleret,
1179 766 1263 817 matria
1288 765 1352 816 labia
1377 764 1515 823 suarieius,
1541 762 1630 824 puellae
1654 762 1759 811 vultum
1776 774 1819 824 per

1026 878 1135 929 fraudem
1155 876 1297 936 osculabar3
1312 876 1347 925 sie
1370 875 1448 924 emori
1471 886 1526 923 meo
1552 877 1631 923 mater
1650 871 1817 931 inserviebet,

1025 987 1060 1036 sic
1075 984 1206 1048 Hyemioes
1225 982 1255 1032 ad
1271 995 1310 1032 me
1325 982 1392 1031 basia
1402 979 1532 1031 deferebat.
1565 981 1692 1029 ceterum
1708 992 1760 1042 quo
1774 978 1817 1028 ad·

1027 1103 1111 1141 uersus
1124 1088 1240 1151 uirginem
1253 1088 1332 1137 animo
1345 1088 1412 1149 peter
1425 1089 1549 1145 maioque
1562 1097 1588 1133 se
1605 1083 1740 1134 hebuerint
1750 1089 1776 1134 et
1788 1084 1817 1134 ab

1026 1196 1066 1246 illa
1081 1194 1244 1254 discesserint,
1254 1195 1321 1242 corto
1334 1205 1382 1241 non
1397 1190 1468 1250 nori,
1480 1203 1525 1252 ego
1539 1202 1597 1238 nero
1609 1188 1693 1238 soloni
1705 1187 1765 1238 inde
1775 1200 1816 1251 pe·

1026 1301 1097 1350 dibus
1111 1300 1256 1358 abstractus,
1267 1299 1385 1358 animum,
1395 1300 1500 1346 mentem
1512 1294 1646 1357 oculosque
1655 1293 1735 1343 veluti
1748 1291 1817 1342 iude·

1027 1407 1113 1469 posito,
1124 1410 1168 1456 eut
1181 1405 1260 1455 idonei
1272 1403 1419 1466 fideiussoris
1432 1404 1486 1452 loeo
1501 1402 1594 1465 reliqui.

1060 1517 1095 1564 li.
1105 1516 1174 1563 Tunc
1184 1512 1402 1574 leotoeomposilus
1414 1511 1548 1559 innumeris
1561 1505 1753 1569 cogitationibus
1765 1518 1816 1555 aru·

1027 1613 1116 1675 oisber,
1126 1615 1281 1666 obsidebatur
1290 1628 1359 1665 mens
1370 1619 1395 1666 et
1403 1614 1436 1665 ob
1445 1614 1529 1664 oeulos
1537 1625 1640 1662 somnus
1651 1612 1726 1673 quasi
1737 1609 1818 1673 praeda

1028 1713 1173 1776 repiebatur.
1186 1715 1291 1765 lllirnbar
1301 1714 1586 1765 dulicomidissummsm
1595 1725 1653 1775 erge
1662 1711 1774 1775 hospites
1783 1722 1817 1759 re·

1028 1810 1158 1858 uersutiam
1170 1809 1282 1872 quemad
1294 1809 1366 1873 pedes
1378 1822 1455 1870 usque
1463 1807 1569 1858 extundit
1581 1821 1588 1856 ι
1605 1826 1618 1848 ι
1630 1806 1705 1870 Apud
1715 1819 1775 1869 nos,
1786 1807 1818 1856 iu·

1030 1926 1042 1949 ι
1059 1906 1185 1968 quiobam,
1195 1905 1285 1967 quibus
1295 1908 1321 1954 et
1332 1906 1402 1954 iovis
1410 1904 1539 1968 ltutpitulis
1550 1916 1593 1952 era
1601 1906 1628 1953 et
1640 1904 1726 1954 Diasie
1735 1902 1819 1953 leolum

1029 2024 1041 2047 ι
1059 2007 1113 2064 est,
1125 2004 1206 2054 neoad
1216 2017 1402 2066 manusunqua;
1414 2016 1457 2053 eur
1465 2003 1529 2053 enim
1540 2000 1627 2064 puellm
1640 2002 1731 2064 pedes,
1744 2002 1820 2051 utilia

1030 2124 1042 2148 a
1060 2116 1144 2164 meos,
1154 2102 1253 2153 honoris
1268 2117 1324 2166 ergo
1343 2117 1389 2152 non
1402 2101 1504 2153 leuabo?
1518 2116 1562 2151 our
1575 2115 1623 2152 uon
1639 2101 1782 2163 osculabor,
1794 2104 1821 2151 ut

1032 2228 1044 2251 ι
1062 2209 1169 2258 osculata
1181 2212 1236 2257 est?
1248 2222 1292 2257 our
1308 2221 1354 2257 non
1370 2207 1456 2279 leniter
1465 2209 1590 2270 premam?
1601 2220 1648 2256 cur
1659 2206 1773 2268 molliter,
1791 2208 1820 2255 ut

1031 2325 1043 2349 a
1061 2306 1182 2354 amantem
1201 2304 1284 2364 decet,
1302 2318 1349 2353 non
1368 2302 1472 2353 iorebo?
1491 2322 1504 2346 ι
1521 2305 1558 2352 lla
1576 2315 1675 2363 gravem
1694 2301 1820 2351 dominum

1029 2405 1142 2455 Amorem
1154 2404 1283 2460 expertus,
1294 2397 1425 2447 maximam
1435 2398 1513 2446 noctis
1523 2401 1617 2459 partem
1628 2434 1636 2457 ,
1649 2396 1684 2446 iris
1692 2397 1820 2445 amatoriis

1030 2493 1214 2556 cogitationibus
1239 2495 1387 2555 occupatus,
1410 2493 1544 2542 insomnem
1570 2492 1683 2557 pedoni,
1705 2491 1818 2553 mihique

1029 2604 1129 2642 somnus
1140 2604 1169 2641 ao
1179 2590 1290 2653 voluptas
1304 2590 1410 2653 vigilanti
1424 2590 1469 2639 luit
1479 2589 1510 2639 de
1521 2589 1612 2652 virgine
1622 2587 1731 2649 rogitere.
1751 2590 1820 2637 οεο-

1031 2688 1067 2737 los
1079 2690 1159 2738 temen
1171 2686 1289 2748 Fatigatio
1304 2686 1328 2735 in
1339 2698 1452 2736 somnum
1466 2686 1594 2747 trahebat,
1604 2683 1711 2746 edeoque
1723 2683 1821 2732 Amoris

1030 2795 1059 2832 ae
1069 2781 1221 2845 Fatigatlonis
1236 2787 1359 2832 certamen
1368 2782 1436 2840 erat,
1449 2779 1525 2829 oeulis
1534 2778 1631 2829 interim
1642 2777 1748 2827 οὶιιεωει
1761 2776 1819 2826 riri·

1031 2878 1087 2929 tutis
1099 2877 1129 2928 ad
1139 2877 1213 2928 instar
1226 2878 1250 2927 iu
1269 2877 1349 2928 medio
1360 2876 1488 2926 stantibus.
1521 2873 1640 2935 Tandem,
1653 2874 1723 2923 velut
1733 2887 1762 2922 en
1772 2885 1818 2922 rna·

1032 2974 1115 3033 ctrina,
1132 2986 1243 3022 somnmn
1257 2973 1280 3021 in
1291 2973 1374 3022 oeulos
1390 2971 1478 3033 grania.
1507 2969 1625 3031 Fatigetio
1641 2968 1817 3030 ejaculantem

1033 3077 1117 3115 rerum
1125 3068 1198 3114 Amor
1208 3065 1305 3114 alternis
1314 3076 1428 3113 curarum
1438 3062 1546 3112 motibus
1556 3061 1673 3111 marcidis
1679 3072 1817 3112 ιιιοευπεαε

1033 3159 1174 3221 luminibus,
1186 3159 1335 3208 velitationes
1344 3158 1404 3207 istas
1412 3157 1530 3218 cohibuit,
1540 3155 1617 3205 donoc
1629 3156 1760 3219 Fatigatis,
1769 3156 1816 3218 pret

1033 3257 1115 3319 ingens
1126 3258 1261 3314 certamen,
1280 3257 1390 3318 superior
1401 3256 1508 3307 discessit
1523 3257 1556 3316 et,
1571 3254 1700 3304 victoriam
1715 3253 1814 3304 disten·

1032 3351 1099 3410 tens,
1115 3349 1182 3413 quasi
1202 3362 1231 3399 ex
1252 3352 1364 3410 apertura
1380 3349 1485 3413 quadam
1501 3355 1598 3400 bouem
1616 3349 1697 3398 somni
1712 3346 1812 3398 aenum

1032 3444 1109 3494 oculis
1121 3445 1210 3507 injecit.

1066 3546 1103 3590 15.
1126 3541 1196 3590 cirea
1216 3540 1311 3590 tertiam
1331 3540 1406 3590 termo
1429 3538 1535 3602 vigiliam
1557 3539 1638 3588 noetis
1663 3542 1731 3603 peter
1752 3548 1811 3588 meu

1033 3639 1187 3690 Tbemisteus
1201 3652 1231 3689 ao
1250 3639 1351 3689 liiantee
1364 3641 1441 3688 mater
1455 3651 1510 3687 eum
1524 3637 1648 3688 sustinone
1667 3651 1697 3687 as
1708 3635 1809 3693 Peribit.

1033 3739 1176 3803 oaeteusque
1196 3741 1238 3802 qui
1252 3755 1308 3790 cum
1322 3740 1369 3791 illie
1382 3739 1534 3790 Aulieomide
1551 3744 1685 3803 venerant,
1703 3741 1734 3791 ad
1753 3737 1809 3792 narb

1034 3856 1100 3891 aram
1113 3842 1211 3905 proiecti
1223 3847 1280 3890 suut
1289 3842 1399 3890 uictimas
1411 3840 1542 3901 ducentes,
1552 3841 1646 3891 soilloet
1654 3843 1711 3893 sou
1720 3839 1808 3894 salutm

1036 3952 1086 3989 rem
1099 3940 1194 3999 tacturi,
1204 3940 1343 4002 meritisque
1352 3940 1485 3989 bonoribus
1497 3939 1565 3989 illuru
1575 3941 1657 3992 solere
1667 3943 1743 4005 parati
1753 3938 1808 4004 ,nt

1034 4048 1116 4094 eutem
1128 4044 1253 4105 llysmine,
1262 4045 1375 4106 quoniam
1385 4044 1488 4106 virginus
1496 4043 1521 4093 iu
1529 4048 1690 4107 eonspeemm
1702 4045 1809 4096 lrom'm

1036 4147 1131 4210 prodire
1143 4147 1283 4196 indecorum
1295 4151 1349 4207 est,
1361 4147 1384 4196 in
1398 4146 1512 4197 eubiculo
1524 4147 1681 4212 relinquitur.
1708 4153 1757 4213 rgo
1765 4156 1812 4197 m

1036 4247 1203 4310 (nequeenim
1217 4247 1261 4296 lroe
1281 4260 1320 4296 nie
1330 4244 1449 4309 fugiebat)
1460 4247 1542 4297 statim
1554 4249 1585 4298 ed
1599 4249 1702 4311 uirginis
1712 4248 1814 4300 lettulu

1036 4357 1176 4407 recurrens,
1188 4344 1316 4395 dormienti
1328 4344 1441 4394 suavium
1454 4342 1573 4409 impressi.
1607 4350 1714 4400 Exsiluit
1724 4346 1816 4400 struite

1037 4447 1069 4496 rei
1082 4445 1199 4496 miraculo
1208 4446 1332 4508 ilysmioe,
1345 4464 1357 4488 ι
1369 4447 1457 4509 Papm!
1468 4467 1480 4492 ν
1491 4448 1639 4499 exclamans.
1651 4451 1700 4501 sed
1710 4451 1818 4515 ῳίθῦ

1036 4546 1145 4598 continui
1156 4547 1257 4597 diceus:
1277 4566 1288 4588 ι
1304 4545 1369 4596 llilril
1382 4546 1486 4607 timess,
1497 4546 1611 4608 domina,
1626 4551 1769 4613 llysminiu
1782 4562 1820 4612 φ

1038 4664 1050 4689 ι
1067 4658 1137 4703 sum,
1149 4664 1162 4688 ιι
1174 4651 1199 4695 et
1216 4657 1271 4694 cunr
1284 4645 1350 4694 dicto
1361 4645 1449 4695 iterum
1460 4645 1553 4696 lreslum
1565 4647 1656 4711 pepigi.
1693 4652 1737 4701 lile
1747 4652 1822 4702 surm

1038 4746 1146 4809 deperire
1163 4760 1191 4796 ae·
1206 4750 1298 4807 matre,
1312 4747 1411 4797 ubinam
1428 4751 1523 4807 essem,
1535 4751 1663 4813 quaesivit.
1681 4774 1694 4798 ι
1707 4754 1824 4806 &uber

1040 4864 1051 4886 ι
1069 4844 1130 4903 turi,
1141 4843 1287 4905 inquiebam,
1300 4843 1330 4893 nd
1342 4844 1411 4894 iovis
1420 4845 1543 4909 hospitalis
1554 4859 1624 4898 arum
1632 4853 1775 4915 prope-ent,
1786 4860 1826 4900 σοι

1039 4961 1051 4984 ·
1070 4941 1151 4992 urnori
1173 4954 1220 4991 nou
1240 4940 1443 4993 sacriicsbimusr
1466 4942 1541 4994 immo
1564 4954 1639 5005 vero,
1662 4947 1828 5011 pudoremque

1040 5059 1051 5082 ι
1070 5045 1179 5090 nostrum
1200 5043 1224 5091 ei
1241 5044 1336 5092 nosmet
1354 5039 1429 5105 ipsos.
1452 5062 1464 5085 ·
1486 5041 1673 5108 confestimque
1691 5048 1789 5113 ungitis
1804 5046 1829 5097 b

1039 5135 1178 5203 nruplenunr
1191 5134 1284 5186 otiosus
1306 5135 1421 5188 amatorie
1444 5137 1526 5189 οσαιίι
1543 5136 1707 5192 rothbertus
