3726 5692
801 331 929 390 -Lrsua
956 332 992 389 V.
1645 346 1702 396 463

98 488 127 522 αν
151 461 179 520 δὲ
201 459 250 531 τὴν
274 460 422 539 ὁδοιπορίαν
445 463 532 527 αὐτοῖς
554 459 751 540 παρεσκεύασεν
773 464 791 532 ἡ
816 463 868 521 τῶν
915 470 1027 532 deinceps
1044 468 1162 518 tradebat.
1196 468 1362 518 Omneseaim
1376 468 1528 519 eitasciaatos
1546 470 1649 521 ducebat
1667 486 1704 522 re-

98 549 229 632 τιχωρίων
245 548 443 629 ριλορρύνησις·
456 551 537 624 δῆμος
550 549 723 627 παρέπεμπεν
738 553 774 616 είς
787 550 869 627 δῆμον

98 640 124 699 αὶ
144 636 282 717 σατράπης
297 635 437 715 παρεδίδου
454 640 492 715 τῷ
516 641 573 714 μεθ’
586 637 674 710 αὑτὸν,
696 636 798 705 πάντας
819 637 869 719 γὰρ

98 725 248 806 δημαϊώθῑῑ
261 725 291 785 τὸ
305 726 409 791 κᾶλλος·
443 725 499 785 ital
514 724 581 798 άλλη
597 724 625 784 δι’
636 749 675 792 τις
689 724 763 793 θλπλς
772 725 870 787 ἔθαλπε

917 586 1035 649 gebatque
1047 584 1212 648 pulchritudo.
1246 586 1364 636 Barbaros
1376 586 1448 635 etiam
1467 586 1565 637 tovebat
1578 587 1624 635 alia
1637 601 1703 649 spes,

915 700 980 763 tore,
993 704 1021 751 ut
1033 701 1086 751 haec
1100 701 1189 751 mulier
1200 701 1329 764 aliquando
1346 702 1451 751 multum
1473 706 1560 765 posset
1593 706 1706 768 Quisquis

98 814 138 883 νύς
155 813 321 895 βαρύάρους,
338 812 377 871 ὅτι
398 811 439 883 ἥδ’
454 815 471 882 ἡ
486 809 550 890 γυνὴ
571 811 640 891 μέγα
654 812 809 888 δυνήσεται,
825 815 871 873 καί
915 820 989 883 igitur
1002 821 1127 871 laborabat
1145 823 1187 871 aut
1201 821 1306 884 hospitio
1321 823 1445 885 excipere,
1458 824 1500 872 aut
1516 824 1600 874 saitem
1614 825 1705 876 beneti-

98 904 122 963 ίὰ
146 926 224 962 ‘⁰⁰³⁰
247 900 387 968 ἕκαστος
373 902 482 960 ww&
470 901 574 970 ξείνω
595 900 708 974 mur
726 901 870 973 *immi
916 938 981 988 cium
995 938 1129 1002 aliquodin
1142 939 1207 989 illam
1220 939 1336 989 collatum
1351 939 1454 1002 habere,
1473 955 1516 991 ceu
1531 942 1706 993 benevolentiae

98 990 186 1051 κδ’
148 1015 202 1073 χαρ
189 1013 227 1071 ριν
242 991 277 1099 ρίς
291 988 403 1061 αύτὴνέ
401 1011 458 1068 χειν
478 987 683 1078 ἀποκειμένην
709 991 765 1051 Καὶ
784 994 808 1050 οἱ
823 990 869 1070 μὲν

98 1103 147 1138 σαν
161 1082 189 1138 la
206 1078 315 1144 τούτοις

118 1168 162 1228 B'.
185 1165 221 1227 0
244 1166 272 1224 δὲ
295 1164 461 1246 Μιθριδάτης
485 1166 517 1223 δι’
533 1165 702 1245 Ἀρμενίας
690 1168 802 1226 εποιεῖτο
823 1167 871 1240 τὴν
948 1174 978 1222 ll.
997 1171 1147 1223 Mithridates
1159 1179 1241 1222 autem
1259 1173 1306 1223 iter
1316 1186 1359 1236 per
1372 1175 1512 1225 armeniam
1531 1176 1633 1227 faciebat
1647 1178 1706 1228 cita·

98 1256 187 1338 opalus
209 1253 395 1336 σροδροτίραν,
417 1254 534 1330 μάλιστα
560 1253 607 1331 μὲν
630 1253 751 1322 δεδοικὼς
766 1254 804 1332 μὴ
825 1256 871 1315 καὶ
899 1260 977 1321 tius,
993 1261 1100 1310 maxims
1114 1260 1213 1323 quidem
1227 1263 1308 1321 metu,
1321 1263 1446 1312 ueethoc
1459 1265 1521 1313 inter
1534 1265 1635 1314 crimina
1648 1266 1706 1315 sibi·

98 1350 154 1405 οῦτο
178 1342 263 1405 οίτιον
286 1345 358 1424 αὐτῷ
379 1342 488 1421 γένηται
506 1341 571 1424 πρὸς
586 1341 730 1423 βασιλέως,
752 1344 792 1404 ὅτι
810 1351 870 1404 κατ’
915 1361 964 1411 que
983 1348 1083 1398 noxium
1102 1349 1165 1398 toret
1182 1349 1247 1412 apud
1261 1363 1357 1412 regem,
1371 1352 1438 1414 quod
1459 1355 1558 1402 secutus
1576 1367 1590 1403 ε
1608 1355 1707 1417 vestigio

98 1456 149 1512 [νος
170 1432 343 1505 ίπηκολούθει
364 1435 397 1508 τῇ
418 1429 538 1508 γυναικί,
564 1430 621 1507 άμα
635 1431 663 1490 δὲ
684 1432 729 1491 καί
751 1432 870 1492 σπεύδων
916 1439 1041 1510 mulierem
1053 1437 1144 1487 luisset.
1179 1439 1255 1488 Simul
1266 1440 1348 1490 tamen
1360 1443 1384 1489 et
1396 1441 1462 1503 prior
1473 1441 1556 1493 adesse
1564 1442 1706 1505 festinabat,

98 1522 295 1601 ροιπιδημῆσαι
317 1519 364 1578 καί
386 1523 563 1598 συγκροτῆοαι
577 1518 610 1577 τὰ
629 1518 693 1600 πρὸς
712 1519 760 1592 τλν
783 1521 870 1592 δίκην.
915 1527 952 1586 ut,
966 1538 1117 1590 quocunque
1127 1538 1219 1577 mussas
1231 1540 1282 1578 suae
1295 1528 1444 1579 instrueadm
1455 1532 1589 1581 necessaria
1600 1537 1625 1582 et
1640 1533 1707 1583 utilia

98 1608 247 1690 τρικάμενος
261 1601 305 1667 οὖν
324 1611 361 1674 είς
383 1607 551 1678 Βαύυλῶνα,
570 1606 692 1688 βασιλεὺς
706 1608 758 1687 γδιρ
782 1610 871 1669 αύτόθι
917 1615 999 1671 lutura
1012 1617 1091 1676 erant,
1106 1619 1267 1679 compararet.
1301 1620 1335 1668 ua
1345 1618 1419 1681 igitur
1432 1619 1578 1681 Babylonem
1592 1625 1705 1684 venerat,

98 1697 217 1780 ίτριύεν,
227 1695 330 1767 ἐκείνην
342 1694 389 1774 μὲν
398 1695 446 1766 τὴν
455 1695 558 1775 ἡμέραν
568 1695 689 1775 ἡσύχασε
698 1700 763 1778 παρ’
774 1700 870 1778 ἐαυτῷ,
917 1718 959 1754 εει
974 1704 1039 1754 enim
1052 1705 1086 1755 ibi
1099 1707 1151 1755 turn
1165 1706 1318 1767 versabatur,
1334 1707 1376 1757 iilo
1387 1707 1486 1770 quidem
1505 1723 1531 1758 se
1545 1709 1585 1759 die
1603 1711 1666 1772 apud
1681 1724 1707 1761 se

98 1791 172 1857 άντες
187 1788 239 1868 γὰρ
252 1791 276 1846 οἱ
295 1784 431 1867 σατράπαι
446 1784 577 1861 σταθμούς
591 1783 694 1864 ἔχουσιν
716 1787 871 1863 ἀποδεδειγ-
916 1794 1044 1843 continuit.
1078 1794 1159 1844 Habet
1170 1795 1234 1844 enirn
1247 1796 1412 1859 unnsquisque
1425 1798 1522 1859 satrapa
1534 1811 1604 1847 suum
1616 1798 1660 1847 sibi
1671 1812 1706 1848 as·

98 1878 250 1954 ίνους,τῆς
271 1875 447 1955 δ’ύστεραίας
469 1873 606 1955 ἐπίουρος
628 1873 709 1933 ἐλθὼν
728 1874 774 1943 τάς
795 1880 871 1955 βασι·
915 1883 1035 1944 signatum
1049 1882 1223 1933 deversorium.
1257 1883 1338 1934 Altera
1352 1887 1433 1935 autem
1446 1885 1707 1948 dieaulamiugressus

98 1968 158 2039 ίως,
174 1965 317 2038 ἠσπάσατο
330 1964 378 2041 μὲν
402 1966 513 2043 Περσῶν
528 1961 588 2030 τούς
602 1963 759 2040 ὁμοτίμους,
775 1964 870 2045 Ἄρεα·
916 1972 1020 2034 primurn
1041 1970 1146 2021 illustres
1166 1972 1252 2034 suique
1273 1972 1319 2022 loci
1338 1973 1403 2023 viros
1423 1974 1554 2025 salutarit:
1573 1974 1707 2024 llomotimi

98 2057 161 2129 ίτην
182 2052 211 2114 δὲ
225 2053 270 2112 τὸν
292 2055 413 2133 εὐνοῦχον
430 2051 456 2118 ὃς
480 2050 601 2130 με’γιστος
622 2045 654 2124 ἦν
670 2052 743 2133 παρδι
767 2057 871 2133 βασιλεῖ
915 2059 950 2109 illi
964 2059 1135 2122 appellantur:
1151 2059 1206 2109 dein
1220 2062 1352 2111 Artaxaten
1367 2062 1527 2120 Eunuchum,
1540 2063 1581 2125 qui
1592 2066 1616 2112 et
1629 2063 1706 2113 hono·

98 2144 121 2203 ιδ
142 2142 320 2222 δυνατώτερος
343 2144 447 2220 πρῶτον
464 2139 511 2216 μὲν
536 2140 626 2220 δώροις
649 2141 782 2218 ἐτίμησεν,
798 2134 868 2201 εἶτα·
916 2148 1047 2198 notissimos
1061 2149 1125 2211 apud
1140 2162 1220 2211 regem
1235 2152 1342 2210 erat,et
1360 2149 1494 2213 plurimum
1512 2150 1626 2212 pollebat.
1660 2151 1706 2201 cui

98 2232 264 2311 ,cippaticos
280 2219 354 2303 εἶπε,
370 2230 490 2308 βασιλεῖ·
506 2227 681 2307 Μιθριδάτης,
703 2228 748 2298 σδς
763 2232 868 2309 δοῦλος,
915 2235 1057 2285 muneribus
1071 2235 1215 2285 conciliato:
1229 2237 1308 2295 lister,
1321 2237 1371 2298 ait,
1392 2239 1454 2300 regi3
1466 2238 1629 2299 Mithridates,
1651 2242 1708 2290 tuus

98 2320 205 2401 άρεστιν
229 2317 413 2377 ἀπολύσασθαι
428 2316 553 2387 διαύολὴν
566 2315 698 2389 Ἕλληνος
720 2319 810 2398 ἀνδρὸς
824 2320 869 2379 καί
914 2337 999 2374 servus
1025 2323 1105 2374 Graeci
1128 2323 1320 2374 criminationem
1345 2324 1450 2375 dilutam
1478 2329 1551 2389 teque
1575 2327 1701 2377 adoratum

98 2410 270 2486 ροσκυνῆσαι.
314 2408 383 2466 Μετ’
404 2407 434 2464 ού
451 2403 520 2464 πολύ
545 2406 567 2463 δ’
583 2403 691 2474 ἐξελθὼν
714 2409 728 2464 δ
749 2408 870 2489 εὐνοῦχος
913 2413 989 2463 adest.
1022 2412 1106 2463 Paullo
1127 2415 1182 2475 post
1196 2413 1441 2475 wessoseuauchus
1460 2414 1578 2466 rotcrebat
1593 2429 1599 2462 z
1614 2418 1706 2465 lit0rex

98 2496 251 2578 τεκρίνατο·
264 2494 331 2557 ’Ότι
345 2494 400 2553 ἐστί
416 2496 520 2572 βασιλεῖ
536 2494 688 2575 βουλομίνιρ
703 2496 868 2575 Μιθριδάτην
914 2501 968 2550 vult
982 2501 1137 2551 Mithridaten
1149 2501 1209 2550 nihil
1223 2501 1357 2564 quidquam
1376 2502 1541 2564 praevaricari,
1561 2504 1705 2553 sententiam

98 2583 163 2658 ηδδν
177 2585 287 2643 ἀδικεῖν·
303 2583 386 2663 κρινεῖ
400 2583 438 2653 δὲ,
454 2580 560 2640 ἐπειδάν
574 2582 620 2640 καί
634 2581 768 2649 Διονύσιος
781 2608 869 2662 παρα·
915 2589 1081 2652 pronuntiabit
1095 2589 1137 2639 ubi
1148 2590 1276 2652 Dionysius
1292 2604 1391 2654 quoque
1405 2591 1519 2642 adiuerit.
1551 2591 1642 2642 adorat
1658 2592 1704 2642 lti-

98 2674 194 2747 ἷτνηται.
235 2671 428 2746 Προσκυνιίσας
451 2662 494 2730 σύν
513 2675 526 2729 δ
548 2671 713 2749 Μιθριδάτης
728 2673 869 2743 άπηλλάτ-
915 2678 1045 2739 stradam,
1059 2682 1083 2729 et
1097 2680 1162 2739 abit,
1179 2679 1335 2742 redditusque
1348 2680 1471 2730 solitudini
1484 2681 1610 2731 chaeream
1623 2685 1705 2741 rocat,

98 2784 144 2826 rto.
187 2760 275 2827 Μύνος
291 2758 319 2818 δὲ
335 2759 472 2837 γενόμενος
495 2758 604 2818 ἐκάλεσε
618 2760 737 2841 Χαιρέαν
759 2761 805 2821 καί
819 2760 868 2842 ἔφη
914 2775 939 2820 et
951 2772 1086 2821 :Accusaut
1106 2786 1159 2832 me,
1174 2775 1223 2834 ait,
1240 2776 1314 2836 atque
1332 2774 1501 2837 criminantur,
1522 2776 1588 2838 quod
1608 2776 1707 2826 reddere

98 2850 141 2929 ρὸς
158 2847 246 2907 «oeh-
261 2846 336 2924 Ἐγὼ
354 2846 494 2927 κρίνομαι,
509 2845 555 2904 καί
574 2847 716 2906 ἀποδοῦναί
730 2872 771 2907 σοι
789 2849 869 2920 θελή-
914 2865 957 2913 libr
973 2864 1123 2915 Callirrhoen
1140 2867 1206 2916 volui
1227 2867 1330 2917 :literas
1352 2880 1451 2930 nempe,
1472 2882 1534 2930 οιτον
1553 2869 1583 2918 ad
1605 2883 1704 2918 uxorem

98 2960 126 3004 ²⁶
142 2934 309 3017 Κῑδδῑρρθην
324 2937 502 3013 “immin“
520 2934 569 3005 ‘hl
583 2933 634 3014 γὰρ
649 2933 697 3006 mil
713 2935 866 3013 ἷπῑστολδν,
914 2961 980 3007 tuam
1004 2961 1124 3021 exarasti,
1146 2961 1275 3023 Dionysius
1296 2961 1331 3010 ait
1349 2975 1388 3011 me
1411 2962 1550 3024 scripsisse,
1573 2966 1597 3011 et
1619 2962 1706 3012 babere

98 3024 238 3106 ''wit“
252 3022 316 3104 πρὸς
329 3023 377 3095 *ἦν
391 3024 520 3102 γυναῖκα»
535 3021 731 3100 Δίονύσωίὲμί
745 3022 868 3103 θησίίῑ·
913 3055 983 3115 putat
997 3053 1095 3103 evidens
1113 3054 1226 3104 adulterii
1245 3058 1423 3118 argumentum.
1456 3055 1568 3107 Firmiter
1582 3058 1646 3106 euim
1669 3057 1706 3107 illi

98 3112 205 3221 χαρίναι
226 3112 273 3172 καί
288 3112 406 3192 μοιχείας
416 3110 558 3222 ,άπάδειξιγ
582 3110 652 3221 ἔχειγ
668 3111 868 3220 ύπολαμύάνερ,
914 3161 1054 3212 persuasum
1073 3149 1123 3209 est,
1135 3149 1160 3197 te
1178 3147 1281 3209 obiisse3
1293 3151 1318 3198 et
1329 3148 1353 3197 id
1373 3148 1419 3198 sibi
1433 3150 1576 3211 persuadeat
1592 3151 1621 3199 ad
1643 3151 1707 3202 diem

98 3224 217 3262 ‘mm‘
233 3200 285 3281 ’ίὰθ
304 3200 333 3260 σὲ
347 3207 487 3276 “evm‘’
510 3223 555 3260 κω
570 3205 705 3258 πεπείσθω
730 3198 808 3281 μέχρι
823 3224 869 3272 της
914 3256 990 3306 usque
1001 3242 1095 3306 judicii,
1108 3244 1174 3292 utto
1189 3242 1318 3305 derepente
1332 3246 1385 3292 tum
1401 3256 1551 3306 compareas.
1587 3248 1638 3295 lloc
1653 3260 1668 3294 a
1683 3251 1708 3297 te

98 3312 164 3367 'ibis
186 3288 221 3349 ἶν’
235 3288 361 3372 αἰφνίδιον
385 3291 474 3369 ὀφθῇς·
518 3288 628 3361 Ταύτην
652 3291 757 3347 ἀπαιτῶ
770 3312 799 3348 ⁶⁸
822 3293 868 3360 τῆς
914 3338 1086 3389 δευείίείοειισι
1107 3349 1217 3387 meorum
1238 3337 1414 3388 hostimentum
1432 3351 1539 3401 reposco.
1574 3340 1706 3402 belitesce,

98 3376 226 3457 ''W“
238 3376 286 3449 τὴν
301 3377 482 3490 ἀνταίῇοξςην
497 3376 568 3437 ἀποκ
570 3381 650 3459 ίυψον
665 3377 759 3439 σωυτὸ
760 3402 785 3458 ν’
805 3378 868 3456 μήτ
913 3435 938 3484 et
948 3432 1138 3497 perduransque
1150 3432 1232 3482 videre
1243 3432 1704 3497 callirrhoemnequedecaquidquam

101 3472 144 3523 ιῑν
159 3466 392 3579 Καλλιρρόην,
354 3491 408 3543 rabi
410 3465 557 3536 ’ἕίῑτᾶσαῑ
572 3491 597 3525 ³²
615 3491 650 3525 πε
653 3467 722 3546 9l
692 3472 787 3541 “mab
801 3492 866 3544 καί
913 3529 1043 3592 inquirere.
1075 3529 1146 3591 AEgre
1168 3527 1281 3591 quidem,
1303 3527 1345 3578 sed
1365 3530 1446 3578 haren
1466 3529 1619 3593 obtemperat
1637 3531 1708 3581 ctrae·

98 3546 198 3660 {m
240 3554 326 3617 Ἄκων
342 3555 401 3633 μίν,
419 3558 477 3615 ἀλλ’
491 3557 607 3615 ἐπείθετο
621 3558 676 3616 Χαι
679 3554 738 3635 ρίας
751 3554 796 3614 καί
808 3559 869 3616 λαν-

98 3640 165 3703 ξω,
176 3643 239 3752 μον.
237 3646 329 3725 ρηφω
311 3667 373 3717 m
388 3643 535 3703 ἐγείρετοδ·
550 3642 672 3702 αὐτοῦτὸ
679 3578 868 3723 ρδάκρυαχατὰ
914 3639 976 3686 reas,
987 3628 1012 3675 et
1025 3624 1137 3687 quamvis
1151 3628 1231 3686 tegere
1247 3625 1388 3675 secretiores
1401 3624 1706 3688 animisensusniteretur,

98 3727 268 3831 §impluit
296 3667 456 3792 ρΕῑπωνρρ.
473 3729 601 3803 Ποῦρα,
614 3729 727 3789 δέω,
734 3730 868 3813 ρπροσ
913 3719 1025 3783 lacrymis
1040 3722 1120 3769 tamen
1135 3733 1178 3783 per
1190 3734 1263 3783 genas
1276 3720 1431 3770 manantibus
1448 3720 1579 3784 proditus.
1594 3725 1705 3783 Faciam,

98 3812 179 3888 ἱττιις
208 3822 324 3893 ἀπῆλθεν
352 3822 387 3886 είς
415 3820 445 3877 τὸ
467 3819 609 3896 δωμάτιον,
640 3808 712 3876 ἐν
692 3843 714 3899 ω
738 3820 868 3899 κατήγετο
913 3816 947 3866 ait
952 3815 1121 3879 ,quaelubem
1136 3815 1201 3865 here.
1234 3815 1365 3866 sedsimul
1378 3816 1537 3881 digressusad
1550 3817 1705 3880 cubiculum,

98 3907 149 3966 ιτδ
161 3907 343 3989 Πολυχάρμου
362 3931 407 3966 οοο
390 3907 498 3988 οίλοο
519 3930 565 3965 χοι
555 3907 657 3987 ῥίψας
672 3906 764 3966 ἑαυτὸν
788 3907 862 3976 οῖς
838 3931 868 3968 οο
914 3908 955 3957 ubr
967 3907 1104 3959 divertebat
1115 3922 1172 3959 cum
1183 3922 1262 3959 amico
1274 3911 1447 3973 Polycharmo
1463 3911 1531 3961 humi
1546 3911 1705 3975 decumbere,

98 3992 186 4079 ἰπρος,
199 3995 458 4078 περιρρηξάμενος
433 4019 478 4054 τον
492 3998 609 4075 χιτῶνα,
914 4001 1019 4052 lacerare
1031 4004 1124 4064 restes,

915 1057 1061 1120 depositum.
1095 1061 1122 1107 ln
1133 1057 1216 1108 hisilli
1228 1061 1307 1108 erant.

106 4202 109 4208 ¹
142 4146 286 4215 ’Δμροτίραις
296 4150 362 4212 χοροὶ
372 4149 523 4212 περιελὼν
495 4166 559 4198 soem
572 4148 728 4199 αἰθαλόοοοον
967 4151 994 4192 in
1004 4152 1074 4204 caput
1083 4147 1191 4193 ambabus
1200 4147 1291 4204 nigram
1301 4145 1355 4193 inde
1364 4152 1430 4205 atque
1439 4149 1493 4194 inde
1502 4149 1600 4194 tosillam

141 4226 412 4291 Χιύατοκαιικεφαλῆς,
423 4227 559 4291 χάριενδ’”
546 4244 635 4291 ησχυνε
646 4228 782 4292 πρόσωπον.
967 4231 1112 4282 conserere,
1121 4227 1532 4275 etvnltnsamenstoedarerennstos.

98 4328 129 4403 ¹³¹
142 4346 213 4428 άλιγε
226 4348 332 4409 κλάων·
347 4349 443 4427 Ἐγγύς
457 4352 545 4426 ἔσμεν,
558 4339 680 4409 ωΚαλλι
683 4350 746 4432 ρρόη
760 4349 846 4409 καὶ’
820 4373 870 4431 ουχ
915 4362 945 4410 Et
957 4359 1053 4423 plorans
1067 4359 1119 4409 ait.
1132 4362 1192 4409 Tam
1213 4372 1286 4423 prope
1299 4372 1397 4420 sumus,
1411 4359 1544 4409 callirrhoe
1552 4372 1653 4421 ,aeque
1666 4360 1706 4408 ta·

98 4434 262 4574 γῧμινάλλή
244 4435 334 4510 ή.λους
377 4435 417 4497 Σὺ
436 4427 530 4514 μίν
501 4461 545 4495 ουν
559 4439 632 4496 οὐδὲν
648 4439 760 4510 ἀδικεῖς,
775 4439 804 4496 ού
818 4438 869 4520 γάρ
915 4461 971 4499 mea
985 4462 1030 4499 nos
1044 4448 1162 4498 ridemus.
1188 4451 1225 4499 Tu
1240 4447 1337 4511 quidem
1349 4448 1408 4498 urhrl
1424 4461 1515 4511 peccas.
1537 4446 1620 4496 Nescis
1630 4448 1704 4509 enim

111 4519 387 4605 δΜύῖῑΧῦῑρίαεζῇ,
403 4523 546 4583 πάντωνδ’
562 4525 738 4592 &redacturos
750 4523 817 4602 ἐγω
831 4526 869 4601 μὴ
915 4538 1041 4588 clrasream
1055 4539 1143 4588 vivere.
1177 4541 1228 4599 ligo
1240 4549 1298 4587 aero
1310 4537 1497 4598 scelestissimus,
1511 4535 1596 4598 quod'
1587 4548 1669 4597 russos
1681 4538 1705 4587 te

98 4604 186 4679 ίλάπειν
202 4636 233 4672 οι
246 4612 462 4691 κεκελιυσμάνος,
484 4613 529 4672 καί
551 4613 664 4681 δδειλδς
678 4615 722 4672 καὶ
746 4613 870 4695 ριλύζιρος
915 4639 963 4676 noa
976 4626 1112 4689 adspicere,
1125 4638 1206 4688 pareo
1240 4629 1276 4676 Eo
1287 4639 1365 4690 usque
1377 4624 1527 4688 tyrannidem
1539 4625 1604 4686 toro
1619 4625 1705 4675 imbel-

98 4695 159 4779 ρίχρι
175 4700 299 4761 τοσούτου
323 4700 395 4812 ρι’ριρ
417 4700 631 4779 τυραννούμενος.
675 4701 766 4762 Σοίδ’
791 4701 815 4760 εί
831 4725 871 4770 τις
916 4712 958 4773 Ιιε,
972 4713 1029 4761 rrtae
1040 4724 1133 4761 amana
1166 4711 1220 4761 Trbr
1233 4712 1394 4775 verosiqurs
1407 4710 1467 4760 rllud
1480 4710 1645 4773 imposuisset
1655 4709 1705 4759 rita

98 4788 383 4870 θύτοπροσίταξιν,’
358 4813 405 4850 ουκ
421 4789 452 4849 δν
470 4789 576 4862 ἔζησας.
620 4790 738 4851 Ἐκεῖνον
759 4781 856 4867 μὲν
826 4814 870 4851 ουν
915 4800 1062 4863 emigrasses.
1096 4799 1168 4849 lllum
1183 4799 1278 4851 blandis
1291 4802 1374 4850 contra
1386 4798 1466 4850 verbra
1481 4798 1655 4862 Polycharmus
1669 4799 1705 4849 la-

98 4882 259 4957 τερεμυθεῑτο
284 4876 469 4960 Πολύχαρμος.
521 4874 593 4950 Ηδη
616 4879 644 4938 δὲ
671 4902 716 4937 και
737 4878 871 4947 Διονύσιος
915 4893 966 4937 nat.
999 4891 1054 4938 iam
1078 4889 1102 4938 et
1120 4889 1249 4952 Dionysius
1269 4887 1390 4950 babylone
1410 4900 1459 4937 non
1482 4888 1587 4937 multam
1610 4887 1702 4938 aberat.

98 4964 194 5039 cinctos
207 4964 311 5046 ίγάνιτο
324 4967 482 5034 Βαύυλῶνος
497 4990 542 5025 και
556 4972 573 5039 ἡ
589 4967 665 5049 ρήμη
684 4967 870 5047 προκατελάμ-
916 4979 972 5026 lam
994 4977 1058 5026 tama
1080 4979 1293 5042 preoccupaverat
1311 4976 1411 5036 orbem,
1432 4975 1546 5027 advenire
1564 4975 1703 5036 mullerem,

98 5050 146 5114 ίανε
158 5052 207 5125 τὴν
220 5053 308 5127 πόλιν,
323 5055 527 5134 ἀπαγγέλλουσα
543 5065 634 5128 πᾶσιν,
646 5053 686 5114 ὅτι
698 5055 871 5136 παραγίνεται
916 5065 1001 5114 tormaa
1013 5077 1061 5114 uon
1081 5065 1206 5126 humanae,
1218 5063 1260 5114 sed
1278 5062 1381 5126 divinae,
1392 5063 1491 5127 qualern
1508 5063 1534 5114 la
1547 5064 1619 5115 serra
1630 5063 1702 5113 aliam

98 5141 268 5217 νοηκάλλος
281 5144 329 5203 οὐκ
341 5141 501 5225 ἀνθρώπινον
514 5144 583 5203 άλλά
595 5167 620 5203 τι
634 5145 710 5218 θεῖον,
724 5143 815 5204 ὁποίαν
826 5146 870 5204 ἐπὶ
916 5154 951 5204 sol
966 5167 1015 5204 nou
1029 5154 1162 5204 collustret.
1195 5155 1226 5204 aa
1244 5165 1322 5216 quum
1339 5154 1428 5204 natura
1442 5150 1537 5203 barbari
1554 5152 1579 5202 ha
1593 5151 1705 5202 toemlnas
