<?xml version="1.0" encoding="UTF-8"?>
<!DOCTYPE html PUBLIC "-//W3C//DTD XHTML 1.0 Transitional//EN"
    "http://www.w3.org/TR/xhtml1/DTD/xhtml1-transitional.dtd">
<html xmlns="http://www.w3.org/1999/xhtml" xml:lang="en" lang="en">
 <head>
  <title>
</title>
<meta http-equiv="Content-Type" content="text/html;charset=utf-8" />
  <meta name='ocr-system' content='tesseract 3.04.00' />
  <meta name='ocr-capabilities' content='ocr_page ocr_carea ocr_par ocr_line ocrx_word'/>
</head>
<body>
  <div class='ocr_page' id='page_1' title='image "./eroticiscriptor00hirsgoog_0354.png"; bbox 0 0 3726 5692; ppageno 0'>
   <div class='ocr_carea' id='block_1_1' title="bbox 773 339 1670 401">
    <p class='ocr_par' dir='ltr' id='par_1_1' title="bbox 773 339 1670 401">
     <span class='ocr_line' id='line_1_1' title="bbox 773 339 1670 401; baseline 0.006 -5"><span class='ocrx_word' id='word_1_1' title='bbox 773 339 884 397; x_wconf 87' lang='lat' dir='ltr'>LlBER</span> <span class='ocrx_word' id='word_1_2' title='bbox 907 341 959 398; x_wconf 91' lang='lat' dir='ltr'>VI.</span> <span class='ocrx_word' id='word_1_3' title='bbox 1615 351 1670 401; x_wconf 81' lang='grc'>319</span> 
     </span>
    </p>
   </div>
   <div class='ocr_carea' id='block_1_2' title="bbox 106 463 1672 1165">
    <p class='ocr_par' dir='ltr' id='par_1_2' title="bbox 106 463 1672 1165">
     <span class='ocr_line' id='line_1_2' title="bbox 106 463 1670 547; baseline 0.006 -26"><span class='ocrx_word' id='word_1_4' title='bbox 106 463 194 536; x_wconf 84' lang='grc' dir='ltr'>λύπης</span> <span class='ocrx_word' id='word_1_5' title='bbox 207 464 345 544; x_wconf 79' lang='grc' dir='ltr'>προσόολῇ</span> <span class='ocrx_word' id='word_1_6' title='bbox 364 465 428 544; x_wconf 86' lang='grc' dir='ltr'>πρὸς</span> <span class='ocrx_word' id='word_1_7' title='bbox 448 465 527 524; x_wconf 81' lang='grc' dir='ltr'>ύπνον</span> <span class='ocrx_word' id='word_1_8' title='bbox 545 466 625 547; x_wconf 80' lang='grc' dir='ltr'>βαθύν</span> <span class='ocrx_word' id='word_1_9' title='bbox 646 467 835 539; x_wconf 77' lang='grc' dir='ltr'>ὀλισθήσασαν.</span> <span class='ocrx_word' id='word_1_10' title='bbox 862 478 1010 543; x_wconf 62' lang='grc' dir='ltr'>γειεθοιεινι</span> <span class='ocrx_word' id='word_1_11' title='bbox 1028 491 1139 527; x_wconf 83' lang='grc' dir='ltr'>εοαιιιυιιι</span> <span class='ocrx_word' id='word_1_12' title='bbox 1154 478 1282 539; x_wconf 79' lang='lat' dir='ltr'>delapsam.</span> <span class='ocrx_word' id='word_1_13' title='bbox 1315 482 1379 529; x_wconf 87' lang='lat' dir='ltr'>cum</span> <span class='ocrx_word' id='word_1_14' title='bbox 1393 480 1463 541; x_wconf 71' lang='lat' dir='ltr'>igitur</span> <span class='ocrx_word' id='word_1_15' title='bbox 1474 480 1610 541; x_wconf 85' lang='lat' dir='ltr'>paullulum</span> <span class='ocrx_word' id='word_1_16' title='bbox 1620 481 1670 530; x_wconf 90' lang='lat' dir='ltr'>col·</span> 
     </span>
     <span class='ocr_line' id='line_1_3' title="bbox 106 543 1670 639; baseline 0.003 -25"><span class='ocrx_word' id='word_1_17' title='bbox 106 551 249 634; x_wconf 78' lang='grc' dir='ltr'>,δακρύσας</span> <span class='ocrx_word' id='word_1_18' title='bbox 262 543 307 612; x_wconf 80' lang='grc' dir='ltr'>ούν</span> <span class='ocrx_word' id='word_1_19' title='bbox 327 553 401 632; x_wconf 81' lang='grc' dir='ltr'>ὀλίγα</span> <span class='ocrx_word' id='word_1_20' title='bbox 416 556 461 612; x_wconf 87' lang='grc' dir='ltr'>καί</span> <span class='ocrx_word' id='word_1_21' title='bbox 473 557 538 634; x_wconf 83' lang='grc' dir='ltr'>πρὸς</span> <span class='ocrx_word' id='word_1_22' title='bbox 556 556 590 614; x_wconf 86' lang='grc' dir='ltr'>τόι</span> <span class='ocrx_word' id='word_1_23' title='bbox 606 557 726 636; x_wconf 85' lang='grc' dir='ltr'>βελτίονα</span> <span class='ocrx_word' id='word_1_24' title='bbox 745 560 838 637; x_wconf 81' lang='grc' dir='ltr'>τρέψαι</span> <span class='ocrx_word' id='word_1_25' title='bbox 876 566 1040 636; x_wconf 61' lang='lat' dir='ltr'>lacrimasse,</span> <span class='ocrx_word' id='word_1_26' title='bbox 1055 569 1080 615; x_wconf 92' lang='lat' dir='ltr'>et</span> <span class='ocrx_word' id='word_1_27' title='bbox 1095 567 1180 625; x_wconf 90' lang='lat' dir='ltr'>adeo,</span> <span class='ocrx_word' id='word_1_28' title='bbox 1197 569 1224 616; x_wconf 95' lang='lat' dir='ltr'>ut</span> <span class='ocrx_word' id='word_1_29' title='bbox 1235 567 1288 629; x_wconf 86' lang='lat' dir='ltr'>ejus</span> <span class='ocrx_word' id='word_1_30' title='bbox 1299 569 1405 639; x_wconf 70' lang='lat' dir='ltr'>potiones</span> <span class='ocrx_word' id='word_1_31' title='bbox 1419 569 1442 616; x_wconf 93' lang='lat' dir='ltr'>iu</span> <span class='ocrx_word' id='word_1_32' title='bbox 1452 569 1538 617; x_wconf 88' lang='lat' dir='ltr'>melius</span> <span class='ocrx_word' id='word_1_33' title='bbox 1552 572 1670 630; x_wconf 76' lang='lat' dir='ltr'>verteret,</span> 
     </span>
     <span class='ocr_line' id='line_1_4' title="bbox 106 639 1670 726; baseline 0.004 -25"><span class='ocrx_word' id='word_1_34' title='bbox 106 641 162 703; x_wconf 87' lang='grc' dir='ltr'>ιατ’</span> <span class='ocrx_word' id='word_1_35' title='bbox 176 639 259 713; x_wconf 77' lang='grc' dir='ltr'>αύτλν</span> <span class='ocrx_word' id='word_1_36' title='bbox 280 641 414 708; x_wconf 79' lang='grc' dir='ltr'>ἱκετεύσας</span> <span class='ocrx_word' id='word_1_37' title='bbox 428 641 472 700; x_wconf 84' lang='grc' dir='ltr'>τθν</span> <span class='ocrx_word' id='word_1_38' title='bbox 496 642 562 719; x_wconf 85' lang='grc' dir='ltr'>θεὸν,</span> <span class='ocrx_word' id='word_1_39' title='bbox 576 648 665 726; x_wconf 75' lang='grc' dir='ltr'>ἡσυχῇ</span> <span class='ocrx_word' id='word_1_40' title='bbox 682 646 705 702; x_wconf 91' lang='grc' dir='ltr'>τ’</span> <span class='ocrx_word' id='word_1_41' title='bbox 726 645 839 726; x_wconf 83' lang='grc' dir='ltr'>ἀροπνί·</span> <span class='ocrx_word' id='word_1_42' title='bbox 883 655 983 717; x_wconf 79' lang='lat' dir='ltr'>supplex</span> <span class='ocrx_word' id='word_1_43' title='bbox 995 655 1109 717; x_wconf 87' lang='lat' dir='ltr'>petiisset,</span> <span class='ocrx_word' id='word_1_44' title='bbox 1120 656 1295 719; x_wconf 86' lang='lat' dir='ltr'>paullatimque</span> <span class='ocrx_word' id='word_1_45' title='bbox 1307 657 1382 719; x_wconf 85' lang='lat' dir='ltr'>ipsam</span> <span class='ocrx_word' id='word_1_46' title='bbox 1395 657 1522 706; x_wconf 76' lang='lat' dir='ltr'>excitasset</span> <span class='ocrx_word' id='word_1_47' title='bbox 1533 658 1563 706; x_wconf 91' lang='lat' dir='ltr'>de</span> <span class='ocrx_word' id='word_1_48' title='bbox 1576 672 1670 720; x_wconf 89' lang='lat' dir='ltr'>somno,</span> 
     </span>
     <span class='ocr_line' id='line_1_5' title="bbox 106 723 1671 815; baseline 0.005 -28"><span class='ocrx_word' id='word_1_49' title='bbox 106 784 107 799; x_wconf 59' lang='grc'>,</span> <span class='ocrx_word' id='word_1_50' title='bbox 123 723 186 807; x_wconf 74' lang='grc' dir='ltr'>ἦγεν</span> <span class='ocrx_word' id='word_1_51' title='bbox 202 733 238 796; x_wconf 81' lang='grc' dir='ltr'>εἰς</span> <span class='ocrx_word' id='word_1_52' title='bbox 252 728 299 800; x_wconf 71' lang='lat' dir='ltr'>sip</span> <span class='ocrx_word' id='word_1_53' title='bbox 314 731 473 810; x_wconf 84' lang='grc' dir='ltr'>καταγωγὴν</span> <span class='ocrx_word' id='word_1_54' title='bbox 486 735 644 812; x_wconf 81' lang='grc' dir='ltr'>ἐρυθριῶσαν</span> <span class='ocrx_word' id='word_1_55' title='bbox 659 738 695 801; x_wconf 83' lang='grc' dir='ltr'>ὡς</span> <span class='ocrx_word' id='word_1_56' title='bbox 710 735 838 815; x_wconf 68' lang='grc' dir='ltr'>ἐμαίνετο,</span> <span class='ocrx_word' id='word_1_57' title='bbox 883 743 988 793; x_wconf 85' lang='lat' dir='ltr'>ducebat</span> <span class='ocrx_word' id='word_1_58' title='bbox 1012 744 1041 792; x_wconf 92' lang='lat' dir='ltr'>ad</span> <span class='ocrx_word' id='word_1_59' title='bbox 1061 745 1176 793; x_wconf 85' lang='lat' dir='ltr'>conclave</span> <span class='ocrx_word' id='word_1_60' title='bbox 1192 745 1387 807; x_wconf 74' lang='lat' dir='ltr'>erubescentem,</span> <span class='ocrx_word' id='word_1_61' title='bbox 1409 750 1437 794; x_wconf 93' lang='lat' dir='ltr'>ut</span> <span class='ocrx_word' id='word_1_62' title='bbox 1456 746 1590 806; x_wconf 88' lang='lat' dir='ltr'>videbatur,</span> <span class='ocrx_word' id='word_1_63' title='bbox 1605 745 1671 809; x_wconf 95' lang='lat' dir='ltr'>quod</span> 
     </span>
     <span class='ocr_line' id='line_1_6' title="bbox 106 819 1672 899; baseline 0.001 -19"><span class='ocrx_word' id='word_1_64' title='bbox 106 819 201 880; x_wconf 82' lang='grc' dir='ltr'>ιλάθοι</span> <span class='ocrx_word' id='word_1_65' title='bbox 215 819 337 899; x_wconf 78' lang='grc' dir='ltr'>πρθςτοῦ</span> <span class='ocrx_word' id='word_1_66' title='bbox 351 819 433 879; x_wconf 86' lang='grc' dir='ltr'>ύπνου</span> <span class='ocrx_word' id='word_1_67' title='bbox 447 821 641 899; x_wconf 83' lang='grc' dir='ltr'>κεκρατημένη.</span> <span class='ocrx_word' id='word_1_68' title='bbox 688 823 773 894; x_wconf 77' lang='grc' dir='ltr'>Καλή</span> <span class='ocrx_word' id='word_1_69' title='bbox 792 823 838 898; x_wconf 83' lang='grc' dir='ltr'>μὲν</span> <span class='ocrx_word' id='word_1_70' title='bbox 883 835 945 881; x_wconf 88' lang='lat' dir='ltr'>esset</span> <span class='ocrx_word' id='word_1_71' title='bbox 961 846 975 880; x_wconf 88' lang='lat' dir='ltr'>a</span> <span class='ocrx_word' id='word_1_72' title='bbox 991 846 1075 882; x_wconf 90' lang='lat' dir='ltr'>somno</span> <span class='ocrx_word' id='word_1_73' title='bbox 1096 834 1162 883; x_wconf 85' lang='lat' dir='ltr'>victe</span> <span class='ocrx_word' id='word_1_74' title='bbox 1183 834 1330 896; x_wconf 84' lang='lat' dir='ltr'><strong>imprudens.</strong></span> <span class='ocrx_word' id='word_1_75' title='bbox 1364 837 1422 884; x_wconf 83' lang='lat' dir='ltr'>llaec</span> <span class='ocrx_word' id='word_1_76' title='bbox 1440 834 1512 896; x_wconf 82' lang='lat' dir='ltr'>igitur</span> <span class='ocrx_word' id='word_1_77' title='bbox 1529 849 1584 897; x_wconf 88' lang='lat' dir='ltr'>cum</span> <span class='ocrx_word' id='word_1_78' title='bbox 1603 848 1628 895; x_wconf 82' lang='lat' dir='ltr'>se</span> <span class='ocrx_word' id='word_1_79' title='bbox 1648 835 1672 882; x_wconf 91' lang='lat' dir='ltr'>in</span> 
     </span>
     <span class='ocr_line' id='line_1_7' title="bbox 106 909 1671 991; baseline 0.004 -27"><span class='ocrx_word' id='word_1_80' title='bbox 106 910 340 986; x_wconf 54' lang='lat' dir='ltr'>elementissimus</span> <span class='ocrx_word' id='word_1_81' title='bbox 355 914 532 988; x_wconf 74' lang='grc' dir='ltr'>χωρισθεῖσα,</span> <span class='ocrx_word' id='word_1_82' title='bbox 547 909 644 991; x_wconf 79' lang='grc' dir='ltr'>σθντῷ</span> <span class='ocrx_word' id='word_1_83' title='bbox 665 910 794 990; x_wconf 73' lang='grc' dir='ltr'>θυγατρίῳ</span> <span class='ocrx_word' id='word_1_84' title='bbox 811 933 838 967; x_wconf 88' lang='grc' dir='ltr'>τε</span> <span class='ocrx_word' id='word_1_85' title='bbox 883 933 996 982; x_wconf 78' lang='lat' dir='ltr'>gynaeceo</span> <span class='ocrx_word' id='word_1_86' title='bbox 1008 933 1116 968; x_wconf 87' lang='lat' dir='ltr'>seorsum</span> <span class='ocrx_word' id='word_1_87' title='bbox 1129 932 1185 968; x_wconf 88' lang='lat' dir='ltr'>cum</span> <span class='ocrx_word' id='word_1_88' title='bbox 1202 919 1250 968; x_wconf 89' lang='lat' dir='ltr'>lilia</span> <span class='ocrx_word' id='word_1_89' title='bbox 1265 921 1382 969; x_wconf 83' lang='lat' dir='ltr'>Nausiclis</span> <span class='ocrx_word' id='word_1_90' title='bbox 1395 919 1424 967; x_wconf 85' lang='lat' dir='ltr'>ad</span> <span class='ocrx_word' id='word_1_91' title='bbox 1441 935 1553 969; x_wconf 85' lang='lat' dir='ltr'>somnum</span> <span class='ocrx_word' id='word_1_92' title='bbox 1571 935 1671 984; x_wconf 83' lang='lat' dir='ltr'>rompo-</span> 
     </span>
     <span class='ocr_line' id='line_1_8' title="bbox 115 997 1670 1080; baseline 0.005 -28"><span class='ocrx_word' id='word_1_93' title='bbox 115 997 294 1062; x_wconf 80' lang='grc' dir='ltr'>Ναυσικλέους</span> <span class='ocrx_word' id='word_1_94' title='bbox 311 999 514 1071; x_wconf 86' lang='grc' dir='ltr'>κατακλινεῖσα,</span> <span class='ocrx_word' id='word_1_95' title='bbox 527 997 574 1065; x_wconf 76' lang='grc' dir='ltr'>τὰς</span> <span class='ocrx_word' id='word_1_96' title='bbox 588 998 722 1080; x_wconf 79' lang='grc' dir='ltr'>παρούσας</span> <span class='ocrx_word' id='word_1_97' title='bbox 734 1002 838 1078; x_wconf 83' lang='grc' dir='ltr'>ἀγρυπ-</span> <span class='ocrx_word' id='word_1_98' title='bbox 883 1008 984 1067; x_wconf 87' lang='lat' dir='ltr'>auisset,</span> <span class='ocrx_word' id='word_1_99' title='bbox 996 1007 1116 1069; x_wconf 81' lang='lat' dir='ltr'>vigilando</span> <span class='ocrx_word' id='word_1_100' title='bbox 1128 1008 1230 1058; x_wconf 79' lang='lat' dir='ltr'>vacabat</span> <span class='ocrx_word' id='word_1_101' title='bbox 1241 1009 1305 1058; x_wconf 86' lang='lat' dir='ltr'>euris</span> <span class='ocrx_word' id='word_1_102' title='bbox 1319 1015 1342 1058; x_wconf 90' lang='lat' dir='ltr'>et</span> <span class='ocrx_word' id='word_1_103' title='bbox 1355 1010 1555 1074; x_wconf 79' lang='lat' dir='ltr'>cogitationibus,</span> <span class='ocrx_word' id='word_1_104' title='bbox 1571 1024 1625 1073; x_wconf 74' lang='lat' dir='ltr'>quae</span> <span class='ocrx_word' id='word_1_105' title='bbox 1638 1010 1670 1059; x_wconf 92' lang='lat' dir='ltr'>illi</span> 
     </span>
     <span class='ocr_line' id='line_1_9' title="bbox 110 1084 1064 1165; baseline 0.001 -21"><span class='ocrx_word' id='word_1_106' title='bbox 110 1086 228 1144; x_wconf 75' lang='grc' dir='ltr'>διετίθετο</span> <span class='ocrx_word' id='word_1_107' title='bbox 242 1084 386 1165; x_wconf 75' lang='grc' dir='ltr'>φροντίδας.</span> <span class='ocrx_word' id='word_1_108' title='bbox 884 1096 1064 1147; x_wconf 85' lang='lat' dir='ltr'>incumbebant.</span> 
     </span>
    </p>
   </div>
   <div class='ocr_carea' id='block_1_3' title="bbox 356 1287 1356 1315">
    <p class='ocr_par' dir='ltr' id='par_1_3' title="bbox 356 1287 1356 1315">
     <span class='ocr_line' id='line_1_10' title="bbox 356 1287 1356 1315; baseline 0.003 -9"><span class='ocrx_word' id='word_1_109' title='bbox 356 1288 516 1310; x_wconf 51' lang='lat' dir='ltr'>..qm-</span> <span class='ocrx_word' id='word_1_110' title='bbox 1193 1287 1356 1315; x_wconf 52' lang='lat'>*⁴000*-</span> 
     </span>
    </p>
   </div>
   <div class='ocr_carea' id='block_1_4' title="bbox 284 1386 1452 1508">
    <p class='ocr_par' dir='ltr' id='par_1_4' title="bbox 284 1386 1452 1508">
     <span class='ocr_line' id='line_1_11' title="bbox 284 1386 1452 1508; baseline 0.005 -7"><span class='ocrx_word' id='word_1_111' title='bbox 284 1439 422 1506; x_wconf 86' lang='grc' dir='ltr'><strong>ΛΟΓΟΣ</strong></span> <span class='ocrx_word' id='word_1_112' title='bbox 448 1441 604 1506; x_wconf 80' lang='grc' dir='ltr'><strong>ΕΚΤΟΣ.</strong></span> <span class='ocrx_word' id='word_1_113' title='bbox 966 1386 973 1404; x_wconf 36' lang='grc' dir='ltr'><strong><em>Ι</em></strong></span> <span class='ocrx_word' id='word_1_114' title='bbox 1112 1439 1245 1505; x_wconf 88' lang='lat' dir='ltr'>LIBER</span> <span class='ocrx_word' id='word_1_115' title='bbox 1272 1440 1452 1508; x_wconf 83' lang='lat' dir='ltr'>SEXTUS.</span> 
     </span>
    </p>
   </div>
   <div class='ocr_carea' id='block_1_5' title="bbox 106 1607 1689 5234">
    <p class='ocr_par' dir='ltr' id='par_1_5' title="bbox 106 1607 1689 5234">
     <span class='ocr_line' id='line_1_12' title="bbox 109 1607 1672 1690; baseline 0.003 -22"><span class='ocrx_word' id='word_1_116' title='bbox 109 1608 141 1668; x_wconf 85' lang='grc' dir='ltr'>λ’.</span> <span class='ocrx_word' id='word_1_117' title='bbox 159 1607 191 1667; x_wconf 87' lang='grc' dir='ltr'>Ὁ</span> <span class='ocrx_word' id='word_1_118' title='bbox 208 1607 234 1666; x_wconf 82' lang='grc' dir='ltr'>δέ</span> <span class='ocrx_word' id='word_1_119' title='bbox 256 1607 403 1690; x_wconf 75' lang='grc' dir='ltr'>Καλόσιρις</span> <span class='ocrx_word' id='word_1_120' title='bbox 424 1608 498 1666; x_wconf 85' lang='grc' dir='ltr'>καίθ</span> <span class='ocrx_word' id='word_1_121' title='bbox 522 1609 647 1686; x_wconf 78' lang='grc' dir='ltr'>Κνήμων,</span> <span class='ocrx_word' id='word_1_122' title='bbox 664 1609 732 1669; x_wconf 88' lang='grc' dir='ltr'>κατοί</span> <span class='ocrx_word' id='word_1_123' title='bbox 748 1633 773 1675; x_wconf 85' lang='grc' dir='ltr'>τι</span> <span class='ocrx_word' id='word_1_124' title='bbox 792 1614 838 1669; x_wconf 77' lang='grc' dir='ltr'>τοῦ</span> <span class='ocrx_word' id='word_1_125' title='bbox 916 1621 935 1666; x_wconf 89' lang='grc' dir='ltr'>Ι.</span> <span class='ocrx_word' id='word_1_126' title='bbox 952 1617 1066 1666; x_wconf 85' lang='lat' dir='ltr'>calaslria</span> <span class='ocrx_word' id='word_1_127' title='bbox 1085 1620 1165 1666; x_wconf 83' lang='lat' dir='ltr'>aulem</span> <span class='ocrx_word' id='word_1_128' title='bbox 1184 1620 1209 1666; x_wconf 91' lang='lat' dir='ltr'>et</span> <span class='ocrx_word' id='word_1_129' title='bbox 1226 1619 1352 1678; x_wconf 81' lang='lat' dir='ltr'>(ineman,</span> <span class='ocrx_word' id='word_1_130' title='bbox 1368 1631 1423 1666; x_wconf 87' lang='lat' dir='ltr'>cum</span> <span class='ocrx_word' id='word_1_131' title='bbox 1442 1619 1468 1667; x_wconf 90' lang='lat' dir='ltr'>in</span> <span class='ocrx_word' id='word_1_132' title='bbox 1484 1620 1588 1681; x_wconf 92' lang='lat' dir='ltr'>quadam</span> <span class='ocrx_word' id='word_1_133' title='bbox 1604 1623 1672 1684; x_wconf 89' lang='lat' dir='ltr'>parte</span> 
     </span>
     <span class='ocr_line' id='line_1_13' title="bbox 106 1697 1672 1777; baseline 0.004 -23"><span class='ocrx_word' id='word_1_134' title='bbox 106 1697 179 1776; x_wconf 76' lang='grc' dir='ltr'>θρόνος</span> <span class='ocrx_word' id='word_1_135' title='bbox 193 1697 287 1764; x_wconf 78' lang='grc' dir='ltr'>αὑτοὺς</span> <span class='ocrx_word' id='word_1_136' title='bbox 303 1697 516 1771; x_wconf 88' lang='grc' dir='ltr'>ἀναπαύσαντες,</span> <span class='ocrx_word' id='word_1_137' title='bbox 531 1698 620 1770; x_wconf 73' lang='grc' dir='ltr'>ἐπειδὴ</span> <span class='ocrx_word' id='word_1_138' title='bbox 633 1699 662 1759; x_wconf 79' lang='grc' dir='ltr'>τό</span> <span class='ocrx_word' id='word_1_139' title='bbox 684 1699 838 1777; x_wconf 87' lang='grc' dir='ltr'>λειπόμενον</span> <span class='ocrx_word' id='word_1_140' title='bbox 883 1705 1004 1754; x_wconf 78' lang='lat' dir='ltr'>meciaris</span> <span class='ocrx_word' id='word_1_141' title='bbox 1027 1705 1103 1754; x_wconf 84' lang='lat' dir='ltr'>virilis</span> <span class='ocrx_word' id='word_1_142' title='bbox 1123 1706 1283 1767; x_wconf 80' lang='lat' dir='ltr'>quievissent,</span> <span class='ocrx_word' id='word_1_143' title='bbox 1307 1709 1435 1768; x_wconf 81' lang='lat' dir='ltr'>postquam</span> <span class='ocrx_word' id='word_1_144' title='bbox 1457 1708 1577 1771; x_wconf 87' lang='lat' dir='ltr'>reliquum</span> <span class='ocrx_word' id='word_1_145' title='bbox 1594 1712 1672 1760; x_wconf 90' lang='lat' dir='ltr'>noctis</span> 
     </span>
     <span class='ocr_line' id='line_1_14' title="bbox 106 1784 1671 1866; baseline 0.004 -24"><span class='ocrx_word' id='word_1_146' title='bbox 106 1784 214 1863; x_wconf 70' lang='grc' dir='ltr'>ςνυκτθς,</span> <span class='ocrx_word' id='word_1_147' title='bbox 229 1785 336 1865; x_wconf 78' lang='grc' dir='ltr'>βράδιον</span> <span class='ocrx_word' id='word_1_148' title='bbox 346 1787 394 1862; x_wconf 83' lang='grc' dir='ltr'>μέν</span> <span class='ocrx_word' id='word_1_149' title='bbox 409 1789 427 1858; x_wconf 77' lang='grc' dir='ltr'><strong>ἢ</strong></span> <span class='ocrx_word' id='word_1_150' title='bbox 439 1787 577 1848; x_wconf 76' lang='grc' dir='ltr'>ε’όούλοντο</span> <span class='ocrx_word' id='word_1_151' title='bbox 589 1793 682 1847; x_wconf 81' lang='grc' dir='ltr'>θᾶττον</span> <span class='ocrx_word' id='word_1_152' title='bbox 694 1789 716 1846; x_wconf 86' lang='grc' dir='ltr'>δ’</span> <span class='ocrx_word' id='word_1_153' title='bbox 729 1787 747 1858; x_wconf 83' lang='grc' dir='ltr'>ἢ</span> <span class='ocrx_word' id='word_1_154' title='bbox 759 1787 839 1866; x_wconf 82' lang='grc' dir='ltr'>ᾤοντο</span> <span class='ocrx_word' id='word_1_155' title='bbox 883 1793 976 1843; x_wconf 89' lang='lat' dir='ltr'>tardius</span> <span class='ocrx_word' id='word_1_156' title='bbox 988 1793 1086 1855; x_wconf 87' lang='lat' dir='ltr'>quidem</span> <span class='ocrx_word' id='word_1_157' title='bbox 1102 1807 1175 1855; x_wconf 90' lang='lat' dir='ltr'>qnam</span> <span class='ocrx_word' id='word_1_158' title='bbox 1190 1794 1313 1854; x_wconf 77' lang='lat' dir='ltr'>volebant,</span> <span class='ocrx_word' id='word_1_159' title='bbox 1324 1794 1425 1843; x_wconf 89' lang='lat' dir='ltr'>celerius</span> <span class='ocrx_word' id='word_1_160' title='bbox 1437 1799 1518 1844; x_wconf 89' lang='lat' dir='ltr'>aulem</span> <span class='ocrx_word' id='word_1_161' title='bbox 1533 1811 1607 1859; x_wconf 88' lang='lat' dir='ltr'>quam</span> <span class='ocrx_word' id='word_1_162' title='bbox 1619 1799 1671 1848; x_wconf 84' lang='lat' dir='ltr'>esi·</span> 
     </span>
     <span class='ocr_line' id='line_1_15' title="bbox 106 1865 1673 1958; baseline 0.004 -28"><span class='ocrx_word' id='word_1_163' title='bbox 106 1871 198 1952; x_wconf 77' lang='grc' dir='ltr'>ἷθριιμεν,</span> <span class='ocrx_word' id='word_1_164' title='bbox 214 1865 256 1933; x_wconf 79' lang='grc' dir='ltr'>οἷα</span> <span class='ocrx_word' id='word_1_165' title='bbox 269 1874 301 1948; x_wconf 75' lang='grc' dir='ltr'>δὴ</span> <span class='ocrx_word' id='word_1_166' title='bbox 316 1877 390 1956; x_wconf 90' lang='grc' dir='ltr'>παροί</span> <span class='ocrx_word' id='word_1_167' title='bbox 404 1900 432 1934; x_wconf 90' lang='grc' dir='ltr'>τε</span> <span class='ocrx_word' id='word_1_168' title='bbox 449 1876 496 1948; x_wconf 73' lang='grc' dir='ltr'>τὴν</span> <span class='ocrx_word' id='word_1_169' title='bbox 509 1876 622 1958; x_wconf 74' lang='grc' dir='ltr'>εὐωχίαν</span> <span class='ocrx_word' id='word_1_170' title='bbox 635 1877 724 1949; x_wconf 50' lang='grc' dir='ltr'>καὶτὸ</span> <span class='ocrx_word' id='word_1_171' title='bbox 737 1879 838 1956; x_wconf 86' lang='grc' dir='ltr'>ἀπρόσ·</span> <span class='ocrx_word' id='word_1_172' title='bbox 883 1882 1027 1942; x_wconf 87' lang='lat' dir='ltr'>stimabant,</span> <span class='ocrx_word' id='word_1_173' title='bbox 1048 1883 1155 1944; x_wconf 87' lang='lat' dir='ltr'>elapsum</span> <span class='ocrx_word' id='word_1_174' title='bbox 1176 1885 1225 1942; x_wconf 79' lang='lat' dir='ltr'>est,</span> <span class='ocrx_word' id='word_1_175' title='bbox 1243 1883 1308 1945; x_wconf 89' lang='lat' dir='ltr'>quod</span> <span class='ocrx_word' id='word_1_176' title='bbox 1326 1882 1389 1932; x_wconf 90' lang='lat' dir='ltr'>illius</span> <span class='ocrx_word' id='word_1_177' title='bbox 1408 1885 1515 1934; x_wconf 81' lang='lat' dir='ltr'>maxima</span> <span class='ocrx_word' id='word_1_178' title='bbox 1532 1900 1587 1949; x_wconf 90' lang='lat' dir='ltr'>pars</span> <span class='ocrx_word' id='word_1_179' title='bbox 1601 1901 1673 1950; x_wconf 89' lang='lat' dir='ltr'>super</span> 
     </span>
     <span class='ocr_line' id='line_1_16' title="bbox 106 1963 1672 2045; baseline 0.002 -24"><span class='ocrx_word' id='word_1_180' title='bbox 106 1984 134 2038; x_wconf 75' lang='grc' dir='ltr'>ρει</span> <span class='ocrx_word' id='word_1_181' title='bbox 151 1966 229 2039; x_wconf 73' lang='grc' dir='ltr'>μῆκος</span> <span class='ocrx_word' id='word_1_182' title='bbox 241 1967 293 2021; x_wconf 81' lang='grc' dir='ltr'>τῶν</span> <span class='ocrx_word' id='word_1_183' title='bbox 312 1963 482 2042; x_wconf 80' lang='grc' dir='ltr'>διηγημάτων</span> <span class='ocrx_word' id='word_1_184' title='bbox 498 1970 544 2035; x_wconf 81' lang='grc' dir='ltr'>τῆς</span> <span class='ocrx_word' id='word_1_185' title='bbox 563 1964 688 2035; x_wconf 80' lang='grc' dir='ltr'>πλείστης</span> <span class='ocrx_word' id='word_1_186' title='bbox 708 1988 839 2045; x_wconf 86' lang='grc' dir='ltr'>παρωχη-</span> <span class='ocrx_word' id='word_1_187' title='bbox 884 1971 1021 2019; x_wconf 80' lang='lat' dir='ltr'>convivium</span> <span class='ocrx_word' id='word_1_188' title='bbox 1040 1974 1065 2020; x_wconf 90' lang='lat' dir='ltr'>et</span> <span class='ocrx_word' id='word_1_189' title='bbox 1076 1971 1240 2020; x_wconf 85' lang='lat' dir='ltr'>narrationum</span> <span class='ocrx_word' id='word_1_190' title='bbox 1257 1970 1431 2032; x_wconf 81' lang='lat' dir='ltr'>prolixitatem,</span> <span class='ocrx_word' id='word_1_191' title='bbox 1448 1973 1574 2023; x_wconf 87' lang='lat' dir='ltr'>insatiabili</span> <span class='ocrx_word' id='word_1_192' title='bbox 1588 1975 1672 2024; x_wconf 85' lang='lat' dir='ltr'>eondi-</span> 
     </span>
     <span class='ocr_line' id='line_1_17' title="bbox 106 2048 1672 2132; baseline 0.003 -24"><span class='ocrx_word' id='word_1_193' title='bbox 106 2048 147 2126; x_wconf 76' lang='lat' dir='ltr'>br,</span> <span class='ocrx_word' id='word_1_194' title='bbox 156 2050 207 2108; x_wconf 81' lang='grc' dir='ltr'>οὐδ’</span> <span class='ocrx_word' id='word_1_195' title='bbox 221 2049 443 2132; x_wconf 78' lang='grc' dir='ltr'>ἀκριύῶςήμέραν</span> <span class='ocrx_word' id='word_1_196' title='bbox 457 2053 693 2128; x_wconf 74' lang='grc' dir='ltr'>ἀναμείναντες,ὡς</span> <span class='ocrx_word' id='word_1_197' title='bbox 707 2058 752 2118; x_wconf 85' lang='grc' dir='ltr'>τόν</span> <span class='ocrx_word' id='word_1_198' title='bbox 765 2056 839 2115; x_wconf 84' lang='grc' dir='ltr'>Ναυ·</span> <span class='ocrx_word' id='word_1_199' title='bbox 883 2062 934 2107; x_wconf 91' lang='lat' dir='ltr'>tam</span> <span class='ocrx_word' id='word_1_200' title='bbox 948 2058 1078 2120; x_wconf 83' lang='lat' dir='ltr'>suavitate,</span> <span class='ocrx_word' id='word_1_201' title='bbox 1095 2062 1257 2120; x_wconf 86' lang='lat' dir='ltr'>praeterierat;</span> <span class='ocrx_word' id='word_1_202' title='bbox 1276 2072 1355 2122; x_wconf 87' lang='lat' dir='ltr'>neque</span> <span class='ocrx_word' id='word_1_203' title='bbox 1370 2062 1485 2109; x_wconf 81' lang='lat' dir='ltr'>exectum</span> <span class='ocrx_word' id='word_1_204' title='bbox 1497 2060 1561 2109; x_wconf 91' lang='lat' dir='ltr'>diem</span> <span class='ocrx_word' id='word_1_205' title='bbox 1572 2075 1672 2124; x_wconf 83' lang='lat' dir='ltr'>exspec-</span> 
     </span>
     <span class='ocr_line' id='line_1_18' title="bbox 106 2137 1672 2222; baseline 0.003 -27"><span class='ocrx_word' id='word_1_206' title='bbox 106 2137 148 2194; x_wconf 82' lang='grc' dir='ltr'>θέα</span> <span class='ocrx_word' id='word_1_207' title='bbox 158 2140 363 2219; x_wconf 77' lang='grc' dir='ltr'>παραγίγνονται</span> <span class='ocrx_word' id='word_1_208' title='bbox 383 2139 428 2198; x_wconf 85' lang='grc' dir='ltr'>καί</span> <span class='ocrx_word' id='word_1_209' title='bbox 442 2141 547 2222; x_wconf 78' lang='grc' dir='ltr'>φράζειν</span> <span class='ocrx_word' id='word_1_210' title='bbox 563 2139 627 2200; x_wconf 85' lang='grc' dir='ltr'>ὅπου</span> <span class='ocrx_word' id='word_1_211' title='bbox 641 2141 685 2201; x_wconf 81' lang='grc' dir='ltr'>τὸν</span> <span class='ocrx_word' id='word_1_212' title='bbox 703 2141 840 2219; x_wconf 79' lang='grc' dir='ltr'>Θεαγένην</span> <span class='ocrx_word' id='word_1_213' title='bbox 884 2150 974 2206; x_wconf 74' lang='lat' dir='ltr'>untes,</span> <span class='ocrx_word' id='word_1_214' title='bbox 984 2146 1014 2194; x_wconf 90' lang='lat' dir='ltr'>ad</span> <span class='ocrx_word' id='word_1_215' title='bbox 1026 2146 1161 2196; x_wconf 87' lang='lat' dir='ltr'>Nausiclem</span> <span class='ocrx_word' id='word_1_216' title='bbox 1173 2147 1280 2206; x_wconf 84' lang='lat' dir='ltr'>veniunt,</span> <span class='ocrx_word' id='word_1_217' title='bbox 1293 2151 1318 2199; x_wconf 91' lang='lat' dir='ltr'>et</span> <span class='ocrx_word' id='word_1_218' title='bbox 1330 2150 1357 2197; x_wconf 93' lang='lat' dir='ltr'>ut</span> <span class='ocrx_word' id='word_1_219' title='bbox 1366 2153 1495 2210; x_wconf 86' lang='lat' dir='ltr'>exponeret</span> <span class='ocrx_word' id='word_1_220' title='bbox 1509 2150 1551 2198; x_wconf 91' lang='lat' dir='ltr'>ubi</span> <span class='ocrx_word' id='word_1_221' title='bbox 1564 2151 1672 2212; x_wconf 82' lang='lat' dir='ltr'>Tbeage·</span> 
     </span>
     <span class='ocr_line' id='line_1_19' title="bbox 106 2223 1672 2309; baseline 0.003 -27"><span class='ocrx_word' id='word_1_222' title='bbox 106 2223 154 2302; x_wconf 84' lang='grc' dir='ltr'>ίγτιν</span> <span class='ocrx_word' id='word_1_223' title='bbox 168 2226 245 2285; x_wconf 87' lang='grc' dir='ltr'>οίοιτο</span> <span class='ocrx_word' id='word_1_224' title='bbox 259 2228 304 2286; x_wconf 82' lang='grc' dir='ltr'>καὶ</span> <span class='ocrx_word' id='word_1_225' title='bbox 320 2227 392 2305; x_wconf 87' lang='grc' dir='ltr'>ἄγειν</span> <span class='ocrx_word' id='word_1_226' title='bbox 411 2232 446 2294; x_wconf 83' lang='grc' dir='ltr'>ὡς</span> <span class='ocrx_word' id='word_1_227' title='bbox 460 2228 499 2286; x_wconf 81' lang='grc' dir='ltr'>ὅτι</span> <span class='ocrx_word' id='word_1_228' title='bbox 523 2229 636 2308; x_wconf 70' lang='grc' dir='ltr'>τάχιστα</span> <span class='ocrx_word' id='word_1_229' title='bbox 660 2230 837 2309; x_wconf 74' lang='grc' dir='ltr'>παρεκάλουν,</span> <span class='ocrx_word' id='word_1_230' title='bbox 884 2247 938 2282; x_wconf 91' lang='lat' dir='ltr'>nem</span> <span class='ocrx_word' id='word_1_231' title='bbox 952 2235 1037 2296; x_wconf 81' lang='lat' dir='ltr'>degere</span> <span class='ocrx_word' id='word_1_232' title='bbox 1051 2234 1217 2295; x_wconf 84' lang='lat' dir='ltr'>arbitraretur,</span> <span class='ocrx_word' id='word_1_233' title='bbox 1229 2237 1303 2295; x_wconf 89' lang='lat' dir='ltr'>atque</span> <span class='ocrx_word' id='word_1_234' title='bbox 1318 2249 1347 2284; x_wconf 87' lang='lat' dir='ltr'>eo</span> <span class='ocrx_word' id='word_1_235' title='bbox 1364 2237 1544 2298; x_wconf 85' lang='lat' dir='ltr'>quamprimum</span> <span class='ocrx_word' id='word_1_236' title='bbox 1559 2237 1672 2298; x_wconf 87' lang='lat' dir='ltr'>duceret,</span> 
     </span>
     <span class='ocr_line' id='line_1_20' title="bbox 116 2309 1673 2398; baseline 0.003 -28"><span class='ocrx_word' id='word_1_237' title='bbox 116 2315 132 2370; x_wconf 78' lang='grc' dir='ltr'>θ’</span> <span class='ocrx_word' id='word_1_238' title='bbox 144 2316 254 2374; x_wconf 79' lang='grc' dir='ltr'>ἐπείθετο</span> <span class='ocrx_word' id='word_1_239' title='bbox 267 2316 313 2374; x_wconf 84' lang='grc' dir='ltr'>καί</span> <span class='ocrx_word' id='word_1_240' title='bbox 327 2315 468 2375; x_wconf 85' lang='grc' dir='ltr'>ἀναλαύὼν</span> <span class='ocrx_word' id='word_1_241' title='bbox 483 2309 554 2396; x_wconf 71' lang='grc' dir='ltr'>ἦγεν.</span> <span class='ocrx_word' id='word_1_242' title='bbox 599 2317 633 2378; x_wconf 85' lang='grc' dir='ltr'>Ἡ</span> <span class='ocrx_word' id='word_1_243' title='bbox 650 2319 798 2398; x_wconf 77' lang='grc' dir='ltr'>Χαρίκλεια</span> <span class='ocrx_word' id='word_1_244' title='bbox 812 2319 839 2377; x_wconf 74' lang='grc' dir='ltr'>δὲ</span> <span class='ocrx_word' id='word_1_245' title='bbox 884 2322 993 2371; x_wconf 78' lang='lat' dir='ltr'>orabant.</span> <span class='ocrx_word' id='word_1_246' title='bbox 1025 2326 1104 2385; x_wconf 73' lang='lat' dir='ltr'>Atque</span> <span class='ocrx_word' id='word_1_247' title='bbox 1118 2323 1158 2372; x_wconf 89' lang='lat' dir='ltr'>lrio</span> <span class='ocrx_word' id='word_1_248' title='bbox 1169 2323 1267 2385; x_wconf 92' lang='lat' dir='ltr'>quidem</span> <span class='ocrx_word' id='word_1_249' title='bbox 1279 2323 1326 2372; x_wconf 88' lang='lat' dir='ltr'>illis</span> <span class='ocrx_word' id='word_1_250' title='bbox 1336 2337 1429 2374; x_wconf 89' lang='lat' dir='ltr'>morem</span> <span class='ocrx_word' id='word_1_251' title='bbox 1444 2326 1541 2386; x_wconf 79' lang='lat' dir='ltr'>gerebat</span> <span class='ocrx_word' id='word_1_252' title='bbox 1555 2329 1579 2376; x_wconf 92' lang='lat' dir='ltr'>et</span> <span class='ocrx_word' id='word_1_253' title='bbox 1590 2339 1673 2375; x_wconf 86' lang='lat' dir='ltr'>secum</span> 
     </span>
     <span class='ocr_line' id='line_1_21' title="bbox 106 2401 1674 2489; baseline 0.003 -31"><span class='ocrx_word' id='word_1_254' title='bbox 106 2401 144 2459; x_wconf 79' lang='lat' dir='ltr'>lli</span> <span class='ocrx_word' id='word_1_255' title='bbox 168 2403 323 2463; x_wconf 90' lang='grc' dir='ltr'>συνέπεσθαι</span> <span class='ocrx_word' id='word_1_256' title='bbox 349 2405 516 2478; x_wconf 80' lang='grc' dir='ltr'>ἱκετεύουσα,</span> <span class='ocrx_word' id='word_1_257' title='bbox 544 2405 630 2482; x_wconf 90' lang='grc' dir='ltr'>μένειν</span> <span class='ocrx_word' id='word_1_258' title='bbox 656 2406 726 2466; x_wconf 79' lang='grc' dir='ltr'>κατθι</span> <span class='ocrx_word' id='word_1_259' title='bbox 750 2407 839 2489; x_wconf 84' lang='grc' dir='ltr'>χώραν</span> <span class='ocrx_word' id='word_1_260' title='bbox 883 2413 993 2473; x_wconf 83' lang='lat' dir='ltr'>sumptos</span> <span class='ocrx_word' id='word_1_261' title='bbox 1007 2410 1121 2461; x_wconf 87' lang='lat' dir='ltr'>dueebat.</span> <span class='ocrx_word' id='word_1_262' title='bbox 1154 2410 1281 2461; x_wconf 78' lang='lat' dir='ltr'>Charicles</span> <span class='ocrx_word' id='word_1_263' title='bbox 1294 2424 1352 2460; x_wconf 86' lang='grc' dir='ltr'>νειο</span> <span class='ocrx_word' id='word_1_264' title='bbox 1369 2425 1425 2461; x_wconf 85' lang='lat' dir='ltr'>eum</span> <span class='ocrx_word' id='word_1_265' title='bbox 1442 2412 1526 2463; x_wconf 89' lang='lat' dir='ltr'>multis</span> <span class='ocrx_word' id='word_1_266' title='bbox 1539 2413 1630 2472; x_wconf 90' lang='lat' dir='ltr'>modis,</span> <span class='ocrx_word' id='word_1_267' title='bbox 1645 2417 1674 2463; x_wconf 93' lang='lat' dir='ltr'>ut</span> 
     </span>
     <span class='ocr_line' id='line_1_22' title="bbox 106 2486 1674 2575; baseline 0.002 -26"><span class='ocrx_word' id='word_1_268' title='bbox 106 2486 174 2563; x_wconf 77' lang='grc' dir='ltr'>ῑίσθη,</span> <span class='ocrx_word' id='word_1_269' title='bbox 185 2494 219 2559; x_wconf 80' lang='grc' dir='ltr'>ὡς</span> <span class='ocrx_word' id='word_1_270' title='bbox 234 2491 293 2551; x_wconf 86' lang='grc' dir='ltr'>ούτε</span> <span class='ocrx_word' id='word_1_271' title='bbox 308 2491 398 2573; x_wconf 83' lang='grc' dir='ltr'>πόρρω</span> <span class='ocrx_word' id='word_1_272' title='bbox 413 2517 462 2551; x_wconf 91' lang='grc' dir='ltr'>που</span> <span class='ocrx_word' id='word_1_273' title='bbox 479 2492 612 2575; x_wconf 70' lang='grc' dir='ltr'>ἀφίξονται</span> <span class='ocrx_word' id='word_1_274' title='bbox 627 2495 672 2554; x_wconf 84' lang='grc' dir='ltr'>καί</span> <span class='ocrx_word' id='word_1_275' title='bbox 687 2494 781 2553; x_wconf 83' lang='grc' dir='ltr'>αὐτίκα</span> <span class='ocrx_word' id='word_1_276' title='bbox 793 2494 840 2553; x_wconf 83' lang='grc' dir='ltr'>σὺν</span> <span class='ocrx_word' id='word_1_277' title='bbox 884 2502 1034 2562; x_wconf 81' lang='lat' dir='ltr'>sequeretur,</span> <span class='ocrx_word' id='word_1_278' title='bbox 1049 2502 1139 2561; x_wconf 86' lang='lat' dir='ltr'>oraret,</span> <span class='ocrx_word' id='word_1_279' title='bbox 1155 2512 1252 2549; x_wconf 86' lang='lat' dir='ltr'>manere</span> <span class='ocrx_word' id='word_1_280' title='bbox 1266 2501 1674 2564; x_wconf 80' lang='lat' dir='ltr'>mactaest31lausiele,quodne·</span> 
     </span>
     <span class='ocr_line' id='line_1_23' title="bbox 106 2577 1674 2659; baseline 0.003 -23"><span class='ocrx_word' id='word_1_281' title='bbox 106 2577 235 2656; x_wconf 73' lang='grc' dir='ltr'>»Θεαγένει</span> <span class='ocrx_word' id='word_1_282' title='bbox 259 2578 349 2651; x_wconf 75' lang='grc' dir='ltr'>ἥξουσι</span> <span class='ocrx_word' id='word_1_283' title='bbox 373 2580 563 2659; x_wconf 83' lang='grc' dir='ltr'>διεγγυωμένου</span> <span class='ocrx_word' id='word_1_284' title='bbox 585 2587 631 2640; x_wconf 81' lang='grc' dir='ltr'>τοῦ</span> <span class='ocrx_word' id='word_1_285' title='bbox 653 2581 839 2648; x_wconf 85' lang='grc' dir='ltr'>Ναυσικλέους.</span> <span class='ocrx_word' id='word_1_286' title='bbox 884 2603 931 2651; x_wconf 91' lang='lat' dir='ltr'>que</span> <span class='ocrx_word' id='word_1_287' title='bbox 946 2589 1030 2652; x_wconf 89' lang='lat' dir='ltr'>procul</span> <span class='ocrx_word' id='word_1_288' title='bbox 1039 2591 1119 2639; x_wconf 88' lang='lat' dir='ltr'>essent</span> <span class='ocrx_word' id='word_1_289' title='bbox 1132 2588 1279 2650; x_wconf 71' lang='lat' dir='ltr'>progressuri</span> <span class='ocrx_word' id='word_1_290' title='bbox 1292 2591 1317 2637; x_wconf 92' lang='lat' dir='ltr'>et</span> <span class='ocrx_word' id='word_1_291' title='bbox 1330 2589 1509 2651; x_wconf 89' lang='lat' dir='ltr'>quamprimum</span> <span class='ocrx_word' id='word_1_292' title='bbox 1526 2604 1582 2639; x_wconf 87' lang='lat' dir='ltr'>eum</span> <span class='ocrx_word' id='word_1_293' title='bbox 1594 2592 1674 2648; x_wconf 61' lang='lat' dir='ltr'>Thea:</span> 
     </span>
     <span class='ocr_line' id='line_1_24' title="bbox 106 2664 1673 2752; baseline 0.003 -28"><span class='ocrx_word' id='word_1_294' title='bbox 106 2664 120 2719; x_wconf 80' lang='grc' dir='ltr'>θ</span> <span class='ocrx_word' id='word_1_295' title='bbox 136 2667 176 2738; x_wconf 74' lang='grc' dir='ltr'>τὴν</span> <span class='ocrx_word' id='word_1_296' title='bbox 190 2667 237 2745; x_wconf 80' lang='grc' dir='ltr'>μέν</span> <span class='ocrx_word' id='word_1_297' title='bbox 260 2671 338 2728; x_wconf 79' lang='grc' dir='ltr'>αὐτοῦ</span> <span class='ocrx_word' id='word_1_298' title='bbox 362 2671 568 2746; x_wconf 78' lang='grc' dir='ltr'>καταλείπουσι,</span> <span class='ocrx_word' id='word_1_299' title='bbox 592 2671 679 2743; x_wconf 85' lang='grc' dir='ltr'>λύπης</span> <span class='ocrx_word' id='word_1_300' title='bbox 698 2676 722 2730; x_wconf 87' lang='grc' dir='ltr'>τ’</span> <span class='ocrx_word' id='word_1_301' title='bbox 739 2671 781 2730; x_wconf 79' lang='grc' dir='ltr'>ἐπί</span> <span class='ocrx_word' id='word_1_302' title='bbox 802 2674 840 2752; x_wconf 84' lang='grc' dir='ltr'>τῷ</span> <span class='ocrx_word' id='word_1_303' title='bbox 884 2690 943 2739; x_wconf 82' lang='lat' dir='ltr'>gene</span> <span class='ocrx_word' id='word_1_304' title='bbox 965 2677 1077 2738; x_wconf 88' lang='lat' dir='ltr'>redituri,</span> <span class='ocrx_word' id='word_1_305' title='bbox 1104 2677 1249 2726; x_wconf 79' lang='lat' dir='ltr'>affirmante.</span> <span class='ocrx_word' id='word_1_306' title='bbox 1283 2681 1353 2727; x_wconf 86' lang='lat' dir='ltr'>Hane</span> <span class='ocrx_word' id='word_1_307' title='bbox 1371 2677 1444 2738; x_wconf 73' lang='lat' dir='ltr'>igitur</span> <span class='ocrx_word' id='word_1_308' title='bbox 1464 2679 1496 2727; x_wconf 91' lang='lat' dir='ltr'>ibi</span> <span class='ocrx_word' id='word_1_309' title='bbox 1518 2680 1673 2742; x_wconf 89' lang='lat' dir='ltr'>relinquunt,</span> 
     </span>
     <span class='ocr_line' id='line_1_25' title="bbox 106 2755 1674 2840; baseline 0.004 -30"><span class='ocrx_word' id='word_1_310' title='bbox 106 2757 180 2836; x_wconf 78' lang='grc' dir='ltr'>ιριεμῷ</span> <span class='ocrx_word' id='word_1_311' title='bbox 194 2756 239 2815; x_wconf 82' lang='grc' dir='ltr'>καὶ</span> <span class='ocrx_word' id='word_1_312' title='bbox 250 2765 335 2836; x_wconf 77' lang='grc' dir='ltr'>χαρᾶς</span> <span class='ocrx_word' id='word_1_313' title='bbox 345 2755 389 2815; x_wconf 82' lang='grc' dir='ltr'>ὀπί</span> <span class='ocrx_word' id='word_1_314' title='bbox 400 2761 453 2824; x_wconf 85' lang='grc' dir='ltr'>τοῖς</span> <span class='ocrx_word' id='word_1_315' title='bbox 465 2757 641 2834; x_wconf 81' lang='grc' dir='ltr'>έλπιζομένοις</span> <span class='ocrx_word' id='word_1_316' title='bbox 651 2760 676 2815; x_wconf 79' lang='grc' dir='ltr'>ἐν</span> <span class='ocrx_word' id='word_1_317' title='bbox 690 2759 841 2840; x_wconf 80' lang='grc' dir='ltr'>μεταιχμίῳ</span> <span class='ocrx_word' id='word_1_318' title='bbox 885 2766 948 2814; x_wconf 87' lang='lat' dir='ltr'>inter</span> <span class='ocrx_word' id='word_1_319' title='bbox 963 2779 1107 2824; x_wconf 77' lang='lat' dir='ltr'>maerorem,</span> <span class='ocrx_word' id='word_1_320' title='bbox 1122 2763 1220 2827; x_wconf 84' lang='lat' dir='ltr'>propter</span> <span class='ocrx_word' id='word_1_321' title='bbox 1236 2765 1334 2814; x_wconf 84' lang='lat' dir='ltr'>illorum</span> <span class='ocrx_word' id='word_1_322' title='bbox 1347 2765 1492 2826; x_wconf 79' lang='lat' dir='ltr'>discessum,</span> <span class='ocrx_word' id='word_1_323' title='bbox 1513 2771 1538 2815; x_wconf 89' lang='lat' dir='ltr'>et</span> <span class='ocrx_word' id='word_1_324' title='bbox 1552 2768 1674 2828; x_wconf 70' lang='lat' dir='ltr'>letitiam,</span> 
     </span>
     <span class='ocr_line' id='line_1_26' title="bbox 106 2838 1672 2926; baseline 0.003 -28"><span class='ocrx_word' id='word_1_325' title='bbox 106 2838 224 2905; x_wconf 89' lang='grc' dir='ltr'>λιύουσιιν.</span> <span class='ocrx_word' id='word_1_326' title='bbox 269 2845 350 2904; x_wconf 78' lang='grc' dir='ltr'>Αύτολ</span> <span class='ocrx_word' id='word_1_327' title='bbox 362 2847 385 2903; x_wconf 86' lang='grc' dir='ltr'>δ’</span> <span class='ocrx_word' id='word_1_328' title='bbox 399 2844 458 2922; x_wconf 87' lang='grc' dir='ltr'>ἄρτι</span> <span class='ocrx_word' id='word_1_329' title='bbox 473 2850 520 2917; x_wconf 79' lang='grc' dir='ltr'>τῆς</span> <span class='ocrx_word' id='word_1_330' title='bbox 533 2845 625 2925; x_wconf 84' lang='grc' dir='ltr'>κώμης</span> <span class='ocrx_word' id='word_1_331' title='bbox 643 2847 717 2915; x_wconf 79' lang='grc' dir='ltr'>ἐκτὸς</span> <span class='ocrx_word' id='word_1_332' title='bbox 733 2847 840 2926; x_wconf 88' lang='grc' dir='ltr'>γεγονό-</span> <span class='ocrx_word' id='word_1_333' title='bbox 885 2857 1036 2915; x_wconf 89' lang='lat' dir='ltr'>propterea,</span> <span class='ocrx_word' id='word_1_334' title='bbox 1057 2867 1113 2915; x_wconf 87' lang='lat' dir='ltr'>quae</span> <span class='ocrx_word' id='word_1_335' title='bbox 1127 2854 1252 2915; x_wconf 84' lang='lat' dir='ltr'>sperabat,</span> <span class='ocrx_word' id='word_1_336' title='bbox 1273 2854 1439 2902; x_wconf 88' lang='lat' dir='ltr'>lluetuautem.</span> <span class='ocrx_word' id='word_1_337' title='bbox 1473 2857 1522 2917; x_wconf 85' lang='lat' dir='ltr'>Ipsi</span> <span class='ocrx_word' id='word_1_338' title='bbox 1544 2870 1601 2905; x_wconf 81' lang='lat' dir='ltr'>vero</span> <span class='ocrx_word' id='word_1_339' title='bbox 1617 2870 1672 2904; x_wconf 89' lang='lat' dir='ltr'>eum</span> 
     </span>
     <span class='ocr_line' id='line_1_27' title="bbox 106 2930 1673 3015; baseline 0.001 -25"><span class='ocrx_word' id='word_1_340' title='bbox 106 2949 110 2990; x_wconf 75' lang='lat' dir='ltr'>t</span> <span class='ocrx_word' id='word_1_341' title='bbox 121 2930 157 2989; x_wconf 85' lang='grc' dir='ltr'>καί</span> <span class='ocrx_word' id='word_1_342' title='bbox 167 2931 214 3001; x_wconf 81' lang='grc' dir='ltr'>τός</span> <span class='ocrx_word' id='word_1_343' title='bbox 224 2932 306 3013; x_wconf 87' lang='grc' dir='ltr'>ὀχθας</span> <span class='ocrx_word' id='word_1_344' title='bbox 319 2939 364 2992; x_wconf 79' lang='grc' dir='ltr'>τοῦ</span> <span class='ocrx_word' id='word_1_345' title='bbox 379 2933 475 2994; x_wconf 85' lang='grc' dir='ltr'>Νείλου</span> <span class='ocrx_word' id='word_1_346' title='bbox 498 2934 724 3015; x_wconf 77' lang='grc' dir='ltr'>παραμείόοντες,</span> <span class='ocrx_word' id='word_1_347' title='bbox 744 2934 839 3013; x_wconf 91' lang='grc' dir='ltr'>κροκό-</span> <span class='ocrx_word' id='word_1_348' title='bbox 885 2944 988 3002; x_wconf 86' lang='lat' dir='ltr'>primurn</span> <span class='ocrx_word' id='word_1_349' title='bbox 996 2957 1009 2990; x_wconf 90' lang='lat' dir='ltr'>e</span> <span class='ocrx_word' id='word_1_350' title='bbox 1017 2956 1077 3003; x_wconf 86' lang='lat' dir='ltr'>pago</span> <span class='ocrx_word' id='word_1_351' title='bbox 1086 2943 1173 3002; x_wconf 85' lang='lat' dir='ltr'>egressi</span> <span class='ocrx_word' id='word_1_352' title='bbox 1185 2945 1264 2990; x_wconf 90' lang='lat' dir='ltr'>esseut</span> <span class='ocrx_word' id='word_1_353' title='bbox 1273 2945 1298 2989; x_wconf 89' lang='lat' dir='ltr'>et</span> <span class='ocrx_word' id='word_1_354' title='bbox 1309 2943 1371 3003; x_wconf 87' lang='lat' dir='ltr'>ripas</span> <span class='ocrx_word' id='word_1_355' title='bbox 1381 2942 1428 2992; x_wconf 84' lang='lat' dir='ltr'>ntli</span> <span class='ocrx_word' id='word_1_356' title='bbox 1439 2944 1600 3004; x_wconf 82' lang='lat' dir='ltr'>praelerirent,</span> <span class='ocrx_word' id='word_1_357' title='bbox 1619 2958 1673 2991; x_wconf 89' lang='lat' dir='ltr'>ero·</span> 
     </span>
     <span class='ocr_line' id='line_1_28' title="bbox 106 3016 1673 3103; baseline 0.003 -27"><span class='ocrx_word' id='word_1_358' title='bbox 106 3016 142 3076; x_wconf 82' lang='grc' dir='ltr'>λον</span> <span class='ocrx_word' id='word_1_359' title='bbox 153 3024 245 3100; x_wconf 79' lang='grc' dir='ltr'>ὁρῶσιν</span> <span class='ocrx_word' id='word_1_360' title='bbox 259 3023 313 3080; x_wconf 84' lang='grc' dir='ltr'>ἀπὸ</span> <span class='ocrx_word' id='word_1_361' title='bbox 327 3025 379 3081; x_wconf 83' lang='grc' dir='ltr'>τῶν</span> <span class='ocrx_word' id='word_1_362' title='bbox 392 3023 480 3091; x_wconf 78' lang='grc' dir='ltr'>δεξιῶν</span> <span class='ocrx_word' id='word_1_363' title='bbox 498 3025 541 3081; x_wconf 79' lang='grc' dir='ltr'>ὀπί</span> <span class='ocrx_word' id='word_1_364' title='bbox 556 3024 652 3103; x_wconf 83' lang='grc' dir='ltr'>θάτερα</span> <span class='ocrx_word' id='word_1_365' title='bbox 670 3023 839 3101; x_wconf 85' lang='grc' dir='ltr'>διερπύζοντα</span> <span class='ocrx_word' id='word_1_366' title='bbox 885 3031 990 3079; x_wconf 91' lang='lat' dir='ltr'>codilum</span> <span class='ocrx_word' id='word_1_367' title='bbox 1004 3030 1165 3092; x_wconf 84' lang='lat' dir='ltr'>conspiciunt,</span> <span class='ocrx_word' id='word_1_368' title='bbox 1180 3031 1221 3092; x_wconf 91' lang='lat' dir='ltr'>qui</span> <span class='ocrx_word' id='word_1_369' title='bbox 1235 3043 1249 3077; x_wconf 89' lang='lat' dir='ltr'>a</span> <span class='ocrx_word' id='word_1_370' title='bbox 1264 3029 1349 3079; x_wconf 84' lang='lat' dir='ltr'>dextra</span> <span class='ocrx_word' id='word_1_371' title='bbox 1362 3032 1429 3092; x_wconf 86' lang='lat' dir='ltr'>parte</span> <span class='ocrx_word' id='word_1_372' title='bbox 1442 3031 1466 3079; x_wconf 95' lang='lat' dir='ltr'>in</span> <span class='ocrx_word' id='word_1_373' title='bbox 1479 3032 1580 3080; x_wconf 87' lang='lat' dir='ltr'>alteram</span> <span class='ocrx_word' id='word_1_374' title='bbox 1595 3036 1673 3093; x_wconf 88' lang='lat' dir='ltr'>repta·</span> 
     </span>
     <span class='ocr_line' id='line_1_29' title="bbox 107 3101 1673 3192; baseline 0 -24"><span class='ocrx_word' id='word_1_375' title='bbox 107 3101 150 3187; x_wconf 70' lang='grc' dir='ltr'>ίτῷ</span> <span class='ocrx_word' id='word_1_376' title='bbox 163 3109 254 3191; x_wconf 75' lang='grc' dir='ltr'>ῥείθρῳ</span> <span class='ocrx_word' id='word_1_377' title='bbox 266 3115 312 3169; x_wconf 76' lang='grc' dir='ltr'>τοῦ</span> <span class='ocrx_word' id='word_1_378' title='bbox 328 3117 449 3187; x_wconf 84' lang='grc' dir='ltr'>ποταμοῦ</span> <span class='ocrx_word' id='word_1_379' title='bbox 469 3110 515 3171; x_wconf 81' lang='grc' dir='ltr'>σθν</span> <span class='ocrx_word' id='word_1_380' title='bbox 527 3111 595 3190; x_wconf 73' lang='grc' dir='ltr'>ὀξείᾳ</span> <span class='ocrx_word' id='word_1_381' title='bbox 609 3115 642 3190; x_wconf 80' lang='grc' dir='ltr'>τῇ</span> <span class='ocrx_word' id='word_1_382' title='bbox 667 3111 737 3192; x_wconf 76' lang='grc' dir='ltr'>ῥύμη</span> <span class='ocrx_word' id='word_1_383' title='bbox 755 3135 840 3170; x_wconf 73' lang='grc' dir='ltr'>κατα·</span> <span class='ocrx_word' id='word_1_384' title='bbox 886 3120 927 3169; x_wconf 86' lang='lat' dir='ltr'>bat</span> <span class='ocrx_word' id='word_1_385' title='bbox 939 3122 963 3168; x_wconf 89' lang='lat' dir='ltr'>et</span> <span class='ocrx_word' id='word_1_386' title='bbox 976 3118 1073 3167; x_wconf 83' lang='lat' dir='ltr'>alveum</span> <span class='ocrx_word' id='word_1_387' title='bbox 1086 3118 1153 3166; x_wconf 83' lang='lat' dir='ltr'>durii</span> <span class='ocrx_word' id='word_1_388' title='bbox 1163 3119 1282 3167; x_wconf 85' lang='lat' dir='ltr'>concitato</span> <span class='ocrx_word' id='word_1_389' title='bbox 1294 3118 1385 3181; x_wconf 90' lang='lat' dir='ltr'>impetu</span> <span class='ocrx_word' id='word_1_390' title='bbox 1396 3119 1500 3168; x_wconf 88' lang='lat' dir='ltr'>subibat.</span> <span class='ocrx_word' id='word_1_391' title='bbox 1533 3120 1579 3168; x_wconf 80' lang='lat' dir='ltr'>Alii</span> <span class='ocrx_word' id='word_1_392' title='bbox 1592 3120 1673 3183; x_wconf 82' lang='lat' dir='ltr'>igilur,</span> 
     </span>
     <span class='ocr_line' id='line_1_30' title="bbox 106 3189 1674 3282; baseline 0.001 -26"><span class='ocrx_word' id='word_1_393' title='bbox 106 3189 185 3268; x_wconf 73' lang='grc' dir='ltr'>έμενον.</span> <span class='ocrx_word' id='word_1_394' title='bbox 228 3201 265 3260; x_wconf 85' lang='grc' dir='ltr'>Οί</span> <span class='ocrx_word' id='word_1_395' title='bbox 279 3198 327 3277; x_wconf 83' lang='grc' dir='ltr'>μίν</span> <span class='ocrx_word' id='word_1_396' title='bbox 341 3201 372 3273; x_wconf 83' lang='grc' dir='ltr'>δὴ</span> <span class='ocrx_word' id='word_1_397' title='bbox 388 3200 464 3260; x_wconf 79' lang='grc' dir='ltr'>ἄλλοι</span> <span class='ocrx_word' id='word_1_398' title='bbox 478 3201 594 3272; x_wconf 79' lang='grc' dir='ltr'>συνήθως</span> <span class='ocrx_word' id='word_1_399' title='bbox 604 3224 633 3258; x_wconf 90' lang='grc' dir='ltr'>τε</span> <span class='ocrx_word' id='word_1_400' title='bbox 649 3200 694 3258; x_wconf 84' lang='grc' dir='ltr'>καί</span> <span class='ocrx_word' id='word_1_401' title='bbox 708 3199 841 3282; x_wconf 80' lang='grc' dir='ltr'>ὀθορύύως</span> <span class='ocrx_word' id='word_1_402' title='bbox 885 3208 925 3258; x_wconf 94' lang='lat' dir='ltr'>illo</span> <span class='ocrx_word' id='word_1_403' title='bbox 938 3208 1004 3265; x_wconf 83' lang='lat' dir='ltr'>viso,</span> <span class='ocrx_word' id='word_1_404' title='bbox 1019 3209 1046 3255; x_wconf 90' lang='lat' dir='ltr'>ut</span> <span class='ocrx_word' id='word_1_405' title='bbox 1068 3209 1184 3256; x_wconf 86' lang='lat' dir='ltr'>consueto</span> <span class='ocrx_word' id='word_1_406' title='bbox 1199 3207 1298 3256; x_wconf 89' lang='lat' dir='ltr'>minime</span> <span class='ocrx_word' id='word_1_407' title='bbox 1318 3206 1491 3267; x_wconf 86' lang='lat' dir='ltr'>movebantur;</span> <span class='ocrx_word' id='word_1_408' title='bbox 1514 3213 1674 3271; x_wconf 70' lang='lat' dir='ltr'>preterquam</span> 
     </span>
     <span class='ocr_line' id='line_1_31' title="bbox 110 3277 1689 3369; baseline 0.001 -25"><span class='ocrx_word' id='word_1_409' title='bbox 110 3283 171 3362; x_wconf 66' lang='grc' dir='ltr'>ὀγθίν</span> <span class='ocrx_word' id='word_1_410' title='bbox 181 3277 260 3366; x_wconf 70' lang='grc' dir='ltr'>ἦγον·</span> <span class='ocrx_word' id='word_1_411' title='bbox 274 3286 344 3359; x_wconf 73' lang='grc' dir='ltr'>πλὴν</span> <span class='ocrx_word' id='word_1_412' title='bbox 359 3287 419 3349; x_wconf 84' lang='grc' dir='ltr'>ὅσον</span> <span class='ocrx_word' id='word_1_413' title='bbox 433 3293 447 3348; x_wconf 87' lang='grc' dir='ltr'>θ</span> <span class='ocrx_word' id='word_1_414' title='bbox 462 3288 609 3369; x_wconf 85' lang='grc' dir='ltr'>Καλόσιρις</span> <span class='ocrx_word' id='word_1_415' title='bbox 623 3288 734 3366; x_wconf 85' lang='grc' dir='ltr'>κώλυμοί</span> <span class='ocrx_word' id='word_1_416' title='bbox 750 3313 775 3346; x_wconf 93' lang='grc' dir='ltr'>τι</span> <span class='ocrx_word' id='word_1_417' title='bbox 788 3293 839 3347; x_wconf 83' lang='grc' dir='ltr'>τῶν</span> <span class='ocrx_word' id='word_1_418' title='bbox 885 3295 951 3358; x_wconf 94' lang='lat' dir='ltr'>quod</span> <span class='ocrx_word' id='word_1_419' title='bbox 963 3295 1075 3346; x_wconf 86' lang='lat' dir='ltr'>calasiris</span> <span class='ocrx_word' id='word_1_420' title='bbox 1088 3294 1288 3358; x_wconf 86' lang='lat' dir='ltr'>impedimentum</span> <span class='ocrx_word' id='word_1_421' title='bbox 1301 3293 1422 3357; x_wconf 83' lang='lat' dir='ltr'>quoddam</span> <span class='ocrx_word' id='word_1_422' title='bbox 1432 3296 1456 3344; x_wconf 92' lang='lat' dir='ltr'>iu</span> <span class='ocrx_word' id='word_1_423' title='bbox 1470 3295 1554 3345; x_wconf 84' lang='lat' dir='ltr'>itinere</span> <span class='ocrx_word' id='word_1_424' title='bbox 1564 3297 1689 3364; x_wconf 30' lang='lat' dir='ltr'>futurum·</span> 
     </span>
     <span class='ocr_line' id='line_1_32' title="bbox 106 3368 1674 3457; baseline 0.002 -26"><span class='ocrx_word' id='word_1_425' title='bbox 106 3368 122 3424; x_wconf 78' lang='grc' dir='ltr'>θ’</span> <span class='ocrx_word' id='word_1_426' title='bbox 132 3374 183 3433; x_wconf 67' lang='lat' dir='ltr'>llio</span> <span class='ocrx_word' id='word_1_427' title='bbox 197 3377 416 3454; x_wconf 68' lang='grc' dir='ltr'>ἐπισημαίνεσθαι</span> <span class='ocrx_word' id='word_1_428' title='bbox 433 3376 586 3457; x_wconf 88' lang='grc' dir='ltr'>προύλεγεν·</span> <span class='ocrx_word' id='word_1_429' title='bbox 600 3376 651 3436; x_wconf 69' lang='lat' dir='ltr'>ddi</span> <span class='ocrx_word' id='word_1_430' title='bbox 666 3376 784 3453; x_wconf 81' lang='grc' dir='ltr'>Κνήμων</span> <span class='ocrx_word' id='word_1_431' title='bbox 795 3376 841 3435; x_wconf 86' lang='grc' dir='ltr'>καί</span> <span class='ocrx_word' id='word_1_432' title='bbox 885 3385 1014 3447; x_wconf 79' lang='lat' dir='ltr'>significari</span> <span class='ocrx_word' id='word_1_433' title='bbox 1026 3383 1171 3446; x_wconf 70' lang='lat' dir='ltr'>predicebat</span> <span class='ocrx_word' id='word_1_434' title='bbox 1188 3398 1195 3432; x_wconf 79' lang='grc' dir='ltr'>ι</span> <span class='ocrx_word' id='word_1_435' title='bbox 1213 3385 1322 3432; x_wconf 87' lang='lat' dir='ltr'>cnemon</span> <span class='ocrx_word' id='word_1_436' title='bbox 1340 3387 1421 3432; x_wconf 89' lang='lat' dir='ltr'>autem</span> <span class='ocrx_word' id='word_1_437' title='bbox 1435 3383 1590 3433; x_wconf 82' lang='lat' dir='ltr'>vehementer</span> <span class='ocrx_word' id='word_1_438' title='bbox 1601 3385 1674 3434; x_wconf 90' lang='lat' dir='ltr'>etiam</span> 
     </span>
     <span class='ocr_line' id='line_1_33' title="bbox 106 3456 1675 3549; baseline -0.001 -24"><span class='ocrx_word' id='word_1_439' title='bbox 106 3456 155 3539; x_wconf 75' lang='lat' dir='ltr'>itp</span> <span class='ocrx_word' id='word_1_440' title='bbox 167 3467 285 3525; x_wconf 83' lang='grc' dir='ltr'>ὀπτοεῖτο</span> <span class='ocrx_word' id='word_1_441' title='bbox 298 3465 364 3548; x_wconf 82' lang='grc' dir='ltr'>πρὸς</span> <span class='ocrx_word' id='word_1_442' title='bbox 376 3466 423 3536; x_wconf 76' lang='grc' dir='ltr'>τὴν</span> <span class='ocrx_word' id='word_1_443' title='bbox 435 3466 505 3546; x_wconf 62' lang='grc' dir='ltr'>θύεν,</span> <span class='ocrx_word' id='word_1_444' title='bbox 517 3467 571 3524; x_wconf 83' lang='grc' dir='ltr'>οόδ’</span> <span class='ocrx_word' id='word_1_445' title='bbox 587 3465 701 3546; x_wconf 78' lang='grc' dir='ltr'>ἀκριύιῖις</span> <span class='ocrx_word' id='word_1_446' title='bbox 713 3468 785 3549; x_wconf 77' lang='grc' dir='ltr'>αὐτῷ</span> <span class='ocrx_word' id='word_1_447' title='bbox 797 3470 840 3525; x_wconf 80' lang='grc' dir='ltr'>τοῦ</span> <span class='ocrx_word' id='word_1_448' title='bbox 885 3475 992 3537; x_wconf 76' lang='lat' dir='ltr'>lugeret,</span> <span class='ocrx_word' id='word_1_449' title='bbox 1014 3475 1144 3536; x_wconf 86' lang='lat' dir='ltr'>conspectu</span> <span class='ocrx_word' id='word_1_450' title='bbox 1165 3472 1320 3536; x_wconf 88' lang='lat' dir='ltr'>perterritus,</span> <span class='ocrx_word' id='word_1_451' title='bbox 1340 3472 1451 3534; x_wconf 85' lang='lat' dir='ltr'>quamvis</span> <span class='ocrx_word' id='word_1_452' title='bbox 1471 3485 1520 3521; x_wconf 90' lang='lat' dir='ltr'>non</span> <span class='ocrx_word' id='word_1_453' title='bbox 1538 3476 1622 3523; x_wconf 78' lang='lat' dir='ltr'>exacte</span> <span class='ocrx_word' id='word_1_454' title='bbox 1640 3472 1675 3523; x_wconf 94' lang='lat' dir='ltr'>illi</span> 
     </span>
     <span class='ocr_line' id='line_1_34' title="bbox 106 3552 1674 3634; baseline 0.004 -26"><span class='ocrx_word' id='word_1_455' title='bbox 106 3567 129 3608; x_wconf 82' lang='lat' dir='ltr'>m</span> <span class='ocrx_word' id='word_1_456' title='bbox 141 3552 258 3633; x_wconf 68' lang='lat' dir='ltr'>paederos</span> <span class='ocrx_word' id='word_1_457' title='bbox 272 3554 342 3614; x_wconf 79' lang='grc' dir='ltr'>ἀλλὰ</span> <span class='ocrx_word' id='word_1_458' title='bbox 353 3563 428 3621; x_wconf 80' lang='grc' dir='ltr'>σκιᾶς</span> <span class='ocrx_word' id='word_1_459' title='bbox 440 3553 517 3613; x_wconf 83' lang='grc' dir='ltr'>αότθν</span> <span class='ocrx_word' id='word_1_460' title='bbox 530 3553 611 3613; x_wconf 90' lang='grc' dir='ltr'>πλέον</span> <span class='ocrx_word' id='word_1_461' title='bbox 622 3558 764 3634; x_wconf 77' lang='grc' dir='ltr'>χθαμαλῆς</span> <span class='ocrx_word' id='word_1_462' title='bbox 775 3559 840 3614; x_wconf 85' lang='grc' dir='ltr'>ύπο-</span> <span class='ocrx_word' id='word_1_463' title='bbox 886 3565 973 3614; x_wconf 87' lang='lat' dir='ltr'>animal</span> <span class='ocrx_word' id='word_1_464' title='bbox 985 3564 1148 3627; x_wconf 88' lang='lat' dir='ltr'>appamisset,</span> <span class='ocrx_word' id='word_1_465' title='bbox 1160 3563 1202 3614; x_wconf 91' lang='lat' dir='ltr'>sed</span> <span class='ocrx_word' id='word_1_466' title='bbox 1216 3564 1303 3613; x_wconf 89' lang='lat' dir='ltr'>umbra</span> <span class='ocrx_word' id='word_1_467' title='bbox 1314 3564 1393 3626; x_wconf 89' lang='lat' dir='ltr'>potius</span> <span class='ocrx_word' id='word_1_468' title='bbox 1411 3563 1491 3614; x_wconf 87' lang='lat' dir='ltr'>tenuis</span> <span class='ocrx_word' id='word_1_469' title='bbox 1502 3564 1570 3614; x_wconf 93' lang='lat' dir='ltr'>illum</span> <span class='ocrx_word' id='word_1_470' title='bbox 1587 3564 1674 3614; x_wconf 88' lang='lat' dir='ltr'>subiis-</span> 
     </span>
     <span class='ocr_line' id='line_1_35' title="bbox 106 3640 1675 3723; baseline 0.001 -22"><span class='ocrx_word' id='word_1_471' title='bbox 106 3640 217 3714; x_wconf 76' lang='grc' dir='ltr'>ψαίσης·</span> <span class='ocrx_word' id='word_1_472' title='bbox 231 3642 278 3702; x_wconf 82' lang='grc' dir='ltr'>καί</span> <span class='ocrx_word' id='word_1_473' title='bbox 301 3645 386 3720; x_wconf 83' lang='grc' dir='ltr'>ὀλίγον</span> <span class='ocrx_word' id='word_1_474' title='bbox 407 3643 459 3703; x_wconf 82' lang='grc' dir='ltr'>ἔδει</span> <span class='ocrx_word' id='word_1_475' title='bbox 482 3644 528 3701; x_wconf 80' lang='grc' dir='ltr'>καί</span> <span class='ocrx_word' id='word_1_476' title='bbox 548 3643 715 3723; x_wconf 76' lang='grc' dir='ltr'>ὑποφεύγειν.</span> <span class='ocrx_word' id='word_1_477' title='bbox 756 3642 791 3703; x_wconf 87' lang='grc' dir='ltr'><strong>Ὁ</strong></span> <span class='ocrx_word' id='word_1_478' title='bbox 810 3641 841 3715; x_wconf 81' lang='grc' dir='ltr'>δὴ</span> <span class='ocrx_word' id='word_1_479' title='bbox 885 3654 935 3712; x_wconf 89' lang='lat' dir='ltr'>set;</span> <span class='ocrx_word' id='word_1_480' title='bbox 953 3650 1013 3700; x_wconf 89' lang='lat' dir='ltr'>adeo</span> <span class='ocrx_word' id='word_1_481' title='bbox 1034 3653 1062 3699; x_wconf 87' lang='lat' dir='ltr'>ut</span> <span class='ocrx_word' id='word_1_482' title='bbox 1082 3662 1168 3711; x_wconf 86' lang='lat' dir='ltr'>parum</span> <span class='ocrx_word' id='word_1_483' title='bbox 1189 3648 1297 3711; x_wconf 85' lang='lat' dir='ltr'>abesset,</span> <span class='ocrx_word' id='word_1_484' title='bbox 1318 3651 1377 3712; x_wconf 92' lang='lat' dir='ltr'>quiu</span> <span class='ocrx_word' id='word_1_485' title='bbox 1401 3652 1528 3714; x_wconf 77' lang='lat' dir='ltr'>refugeret.</span> <span class='ocrx_word' id='word_1_486' title='bbox 1562 3653 1675 3703; x_wconf 81' lang='lat' dir='ltr'>Caiaslris</span> 
     </span>
     <span class='ocr_line' id='line_1_36' title="bbox 106 3725 1675 3812; baseline 0.001 -23"><span class='ocrx_word' id='word_1_487' title='bbox 106 3725 212 3812; x_wconf 71' lang='grc' dir='ltr'>θίαιρις,</span> <span class='ocrx_word' id='word_1_488' title='bbox 223 3729 283 3791; x_wconf 79' lang='grc' dir='ltr'>ὅσον</span> <span class='ocrx_word' id='word_1_489' title='bbox 295 3733 417 3790; x_wconf 86' lang='grc' dir='ltr'>πλεῖστον</span> <span class='ocrx_word' id='word_1_490' title='bbox 430 3737 476 3790; x_wconf 80' lang='grc' dir='ltr'>τοῦ.</span> <span class='ocrx_word' id='word_1_491' title='bbox 485 3731 665 3799; x_wconf 87' lang='grc' dir='ltr'>Ναυσικλέους</span> <span class='ocrx_word' id='word_1_492' title='bbox 676 3733 842 3810; x_wconf 80' lang='grc' dir='ltr'>ἐκγελῶντος,</span> <span class='ocrx_word' id='word_1_493' title='bbox 887 3740 967 3802; x_wconf 76' lang='lat' dir='ltr'>igitur,</span> <span class='ocrx_word' id='word_1_494' title='bbox 982 3739 1093 3789; x_wconf 84' lang='lat' dir='ltr'>ltausicle</span> <span class='ocrx_word' id='word_1_495' title='bbox 1109 3740 1135 3787; x_wconf 95' lang='lat' dir='ltr'>ln</span> <span class='ocrx_word' id='word_1_496' title='bbox 1149 3739 1223 3787; x_wconf 88' lang='lat' dir='ltr'>risrrm</span> <span class='ocrx_word' id='word_1_497' title='bbox 1238 3739 1328 3799; x_wconf 87' lang='lat' dir='ltr'>eliuso,</span> <span class='ocrx_word' id='word_1_498' title='bbox 1350 3742 1472 3802; x_wconf 82' lang='lat' dir='ltr'>cosmon,</span> <span class='ocrx_word' id='word_1_499' title='bbox 1487 3740 1581 3804; x_wconf 90' lang='lat' dir='ltr'>inquit,</span> <span class='ocrx_word' id='word_1_500' title='bbox 1604 3743 1675 3805; x_wconf 87' lang='lat' dir='ltr'>puta-</span> 
     </span>
     <span class='ocr_line' id='line_1_37' title="bbox 106 3816 1676 3902; baseline 0.003 -25"><span class='ocrx_word' id='word_1_501' title='bbox 106 3816 238 3896; x_wconf 66' lang='lat' dir='ltr'>lKnipon,</span> <span class='ocrx_word' id='word_1_502' title='bbox 255 3818 322 3902; x_wconf 77' lang='grc' dir='ltr'>ίρη,</span> <span class='ocrx_word' id='word_1_503' title='bbox 337 3819 389 3898; x_wconf 76' lang='grc' dir='ltr'>ἐγὼ</span> <span class='ocrx_word' id='word_1_504' title='bbox 400 3822 423 3879; x_wconf 85' lang='grc' dir='ltr'>δ’</span> <span class='ocrx_word' id='word_1_505' title='bbox 434 3818 510 3902; x_wconf 84' lang='grc' dir='ltr'>ᾤμην</span> <span class='ocrx_word' id='word_1_506' title='bbox 522 3818 623 3902; x_wconf 90' lang='grc' dir='ltr'>νύκτωρ</span> <span class='ocrx_word' id='word_1_507' title='bbox 638 3844 679 3880; x_wconf 90' lang='grc' dir='ltr'>σοι</span> <span class='ocrx_word' id='word_1_508' title='bbox 696 3822 773 3898; x_wconf 89' lang='grc' dir='ltr'>μόνον</span> <span class='ocrx_word' id='word_1_509' title='bbox 794 3820 842 3893; x_wconf 77' lang='grc' dir='ltr'>τὴν</span> <span class='ocrx_word' id='word_1_510' title='bbox 887 3828 942 3877; x_wconf 83' lang='lat' dir='ltr'>bana</span> <span class='ocrx_word' id='word_1_511' title='bbox 952 3842 995 3890; x_wconf 87' lang='lat' dir='ltr'>ego</span> <span class='ocrx_word' id='word_1_512' title='bbox 1006 3830 1030 3876; x_wconf 90' lang='lat' dir='ltr'>te</span> <span class='ocrx_word' id='word_1_513' title='bbox 1038 3829 1182 3876; x_wconf 87' lang='lat' dir='ltr'>nocturnam</span> <span class='ocrx_word' id='word_1_514' title='bbox 1196 3829 1291 3876; x_wconf 87' lang='lat' dir='ltr'>tanturn</span> <span class='ocrx_word' id='word_1_515' title='bbox 1301 3828 1457 3878; x_wconf 86' lang='lat' dir='ltr'>timiditatem</span> <span class='ocrx_word' id='word_1_516' title='bbox 1469 3829 1592 3892; x_wconf 79' lang='lat' dir='ltr'>infestare,</span> <span class='ocrx_word' id='word_1_517' title='bbox 1602 3833 1676 3894; x_wconf 82' lang='lat' dir='ltr'>atque</span> 
     </span>
     <span class='ocr_line' id='line_1_38' title="bbox 106 3899 1676 3989; baseline 0.003 -25"><span class='ocrx_word' id='word_1_518' title='bbox 106 3899 154 3964; x_wconf 83' lang='grc' dir='ltr'>λίαν</span> <span class='ocrx_word' id='word_1_519' title='bbox 165 3907 282 3988; x_wconf 78' lang='grc' dir='ltr'>ὀνοχλεῖν</span> <span class='ocrx_word' id='word_1_520' title='bbox 294 3907 340 3967; x_wconf 85' lang='grc' dir='ltr'>καί</span> <span class='ocrx_word' id='word_1_521' title='bbox 353 3907 417 3989; x_wconf 80' lang='grc' dir='ltr'>πρὸς</span> <span class='ocrx_word' id='word_1_522' title='bbox 428 3913 472 3967; x_wconf 79' lang='grc' dir='ltr'>τοῦ</span> <span class='ocrx_word' id='word_1_523' title='bbox 487 3908 593 3976; x_wconf 86' lang='grc' dir='ltr'>σκότους</span> <span class='ocrx_word' id='word_1_524' title='bbox 613 3931 654 3967; x_wconf 90' lang='grc' dir='ltr'>σοι</span> <span class='ocrx_word' id='word_1_525' title='bbox 674 3908 704 3967; x_wconf 84' lang='grc' dir='ltr'>τθ</span> <span class='ocrx_word' id='word_1_526' title='bbox 721 3908 843 3989; x_wconf 76' lang='grc' dir='ltr'>ψοφοδεὲς</span> <span class='ocrx_word' id='word_1_527' title='bbox 887 3931 939 3966; x_wconf 85' lang='lat' dir='ltr'>eam</span> <span class='ocrx_word' id='word_1_528' title='bbox 953 3917 995 3965; x_wconf 88' lang='lat' dir='ltr'>tibi</span> <span class='ocrx_word' id='word_1_529' title='bbox 1010 3929 1041 3966; x_wconf 85' lang='lat' dir='ltr'>ex</span> <span class='ocrx_word' id='word_1_530' title='bbox 1055 3916 1156 3978; x_wconf 86' lang='lat' dir='ltr'>strepitu</span> <span class='ocrx_word' id='word_1_531' title='bbox 1167 3917 1253 3978; x_wconf 84' lang='lat' dir='ltr'>quovis</span> <span class='ocrx_word' id='word_1_532' title='bbox 1271 3916 1413 3967; x_wconf 88' lang='lat' dir='ltr'>intenebris</span> <span class='ocrx_word' id='word_1_533' title='bbox 1432 3918 1557 3969; x_wconf 86' lang='lat' dir='ltr'>aeoldere:</span> <span class='ocrx_word' id='word_1_534' title='bbox 1575 3923 1602 3969; x_wconf 89' lang='lat' dir='ltr'>tu</span> <span class='ocrx_word' id='word_1_535' title='bbox 1617 3934 1676 3970; x_wconf 80' lang='lat' dir='ltr'>rere</span> 
     </span>
     <span class='ocr_line' id='line_1_39' title="bbox 106 3989 1675 4078; baseline 0.001 -22"><span class='ocrx_word' id='word_1_536' title='bbox 106 3992 250 4072; x_wconf 73' lang='grc' dir='ltr'>ιγίγνεσθαι,</span> <span class='ocrx_word' id='word_1_537' title='bbox 265 3996 297 4055; x_wconf 77' lang='grc' dir='ltr'>σύ</span> <span class='ocrx_word' id='word_1_538' title='bbox 310 3997 332 4054; x_wconf 85' lang='grc' dir='ltr'>δ’</span> <span class='ocrx_word' id='word_1_539' title='bbox 345 3996 397 4072; x_wconf 80' lang='grc' dir='ltr'>ἄρα</span> <span class='ocrx_word' id='word_1_540' title='bbox 409 3997 455 4056; x_wconf 83' lang='grc' dir='ltr'>καί</span> <span class='ocrx_word' id='word_1_541' title='bbox 471 3996 622 4078; x_wconf 80' lang='grc' dir='ltr'>μεθημέραν</span> <span class='ocrx_word' id='word_1_542' title='bbox 642 3989 710 4070; x_wconf 68' lang='grc' dir='ltr'>ἦσθα</span> <span class='ocrx_word' id='word_1_543' title='bbox 723 3998 794 4071; x_wconf 87' lang='grc' dir='ltr'>λίαν,</span> <span class='ocrx_word' id='word_1_544' title='bbox 808 4000 843 4064; x_wconf 81' lang='grc' dir='ltr'>ὡς</span> <span class='ocrx_word' id='word_1_545' title='bbox 887 4007 912 4055; x_wconf 88' lang='lat' dir='ltr'>et</span> <span class='ocrx_word' id='word_1_546' title='bbox 930 4004 1037 4054; x_wconf 87' lang='lat' dir='ltr'>interdiu</span> <span class='ocrx_word' id='word_1_547' title='bbox 1050 4004 1154 4053; x_wconf 90' lang='lat' dir='ltr'>nimium</span> <span class='ocrx_word' id='word_1_548' title='bbox 1167 4017 1205 4062; x_wconf 84' lang='lat' dir='ltr'>es,</span> <span class='ocrx_word' id='word_1_549' title='bbox 1220 4007 1247 4053; x_wconf 92' lang='lat' dir='ltr'>ut</span> <span class='ocrx_word' id='word_1_550' title='bbox 1261 4005 1366 4063; x_wconf 83' lang='lat' dir='ltr'>videtur,</span> <span class='ocrx_word' id='word_1_551' title='bbox 1381 4008 1515 4065; x_wconf 88' lang='lat' dir='ltr'>animosus,</span> <span class='ocrx_word' id='word_1_552' title='bbox 1530 4010 1555 4057; x_wconf 88' lang='lat' dir='ltr'>et</span> <span class='ocrx_word' id='word_1_553' title='bbox 1571 4020 1619 4057; x_wconf 87' lang='lat' dir='ltr'>nou</span> <span class='ocrx_word' id='word_1_554' title='bbox 1630 4021 1675 4057; x_wconf 93' lang='lat' dir='ltr'>no·</span> 
     </span>
     <span class='ocr_line' id='line_1_40' title="bbox 106 4085 1676 4166; baseline 0.004 -26"><span class='ocrx_word' id='word_1_555' title='bbox 106 4100 140 4158; x_wconf 79' lang='grc' dir='ltr'>ιι,</span> <span class='ocrx_word' id='word_1_556' title='bbox 158 4085 304 4166; x_wconf 82' lang='grc' dir='ltr'>τολμηρός·</span> <span class='ocrx_word' id='word_1_557' title='bbox 325 4085 371 4143; x_wconf 81' lang='grc' dir='ltr'>καί</span> <span class='ocrx_word' id='word_1_558' title='bbox 391 4088 438 4144; x_wconf 89' lang='grc' dir='ltr'>οθκ</span> <span class='ocrx_word' id='word_1_559' title='bbox 454 4086 572 4165; x_wconf 79' lang='grc' dir='ltr'>ὀνόματά</span> <span class='ocrx_word' id='word_1_560' title='bbox 589 4109 630 4146; x_wconf 91' lang='grc' dir='ltr'>σοι</span> <span class='ocrx_word' id='word_1_561' title='bbox 649 4085 727 4164; x_wconf 91' lang='grc' dir='ltr'>μόνον</span> <span class='ocrx_word' id='word_1_562' title='bbox 745 4086 842 4146; x_wconf 84' lang='grc' dir='ltr'>ἀκονό-</span> <span class='ocrx_word' id='word_1_563' title='bbox 887 4095 952 4142; x_wconf 88' lang='lat' dir='ltr'>mina</span> <span class='ocrx_word' id='word_1_564' title='bbox 967 4092 1200 4154; x_wconf 69' lang='lat' dir='ltr'>renumerandis,</span> <span class='ocrx_word' id='word_1_565' title='bbox 1213 4092 1315 4155; x_wconf 79' lang='lat' dir='ltr'>sedium</span> <span class='ocrx_word' id='word_1_566' title='bbox 1331 4095 1404 4144; x_wconf 89' lang='lat' dir='ltr'>etiam</span> <span class='ocrx_word' id='word_1_567' title='bbox 1415 4096 1553 4157; x_wconf 80' lang='lat' dir='ltr'>spectacula</span> <span class='ocrx_word' id='word_1_568' title='bbox 1568 4096 1676 4159; x_wconf 78' lang='lat' dir='ltr'>vulgaria</span> 
     </span>
     <span class='ocr_line' id='line_1_41' title="bbox 106 4170 1675 4249; baseline 0.001 -16"><span class='ocrx_word' id='word_1_569' title='bbox 106 4191 140 4244; x_wconf 70' lang='lat'>¹⁸,</span> <span class='ocrx_word' id='word_1_570' title='bbox 151 4173 203 4246; x_wconf 78' lang='grc' dir='ltr'>ἤδη</span> <span class='ocrx_word' id='word_1_571' title='bbox 220 4170 248 4232; x_wconf 76' lang='grc' dir='ltr'>ὀί</span> <span class='ocrx_word' id='word_1_572' title='bbox 262 4171 307 4233; x_wconf 83' lang='grc' dir='ltr'>καί</span> <span class='ocrx_word' id='word_1_573' title='bbox 322 4172 442 4249; x_wconf 86' lang='grc' dir='ltr'>θιείματα</span> <span class='ocrx_word' id='word_1_574' title='bbox 457 4177 508 4232; x_wconf 82' lang='grc' dir='ltr'>τῶν</span> <span class='ocrx_word' id='word_1_575' title='bbox 531 4176 558 4232; x_wconf 83' lang='grc' dir='ltr'>έν</span> <span class='ocrx_word' id='word_1_576' title='bbox 575 4173 637 4231; x_wconf 83' lang='grc' dir='ltr'>ποσί</span> <span class='ocrx_word' id='word_1_577' title='bbox 652 4172 697 4232; x_wconf 82' lang='grc' dir='ltr'>καί</span> <span class='ocrx_word' id='word_1_578' title='bbox 714 4174 778 4232; x_wconf 79' lang='grc' dir='ltr'>ἀδεᾶ</span> <span class='ocrx_word' id='word_1_579' title='bbox 791 4173 842 4232; x_wconf 85' lang='grc' dir='ltr'>τό·</span> <span class='ocrx_word' id='word_1_580' title='bbox 888 4186 913 4233; x_wconf 89' lang='lat' dir='ltr'>et</span> <span class='ocrx_word' id='word_1_581' title='bbox 925 4182 1001 4230; x_wconf 82' lang='lat' dir='ltr'>cuivis</span> <span class='ocrx_word' id='word_1_582' title='bbox 1013 4182 1084 4231; x_wconf 79' lang='lat' dir='ltr'>obvie</span> <span class='ocrx_word' id='word_1_583' title='bbox 1100 4193 1129 4229; x_wconf 89' lang='lat' dir='ltr'>ae</span> <span class='ocrx_word' id='word_1_584' title='bbox 1143 4181 1243 4229; x_wconf 89' lang='lat' dir='ltr'>minime</span> <span class='ocrx_word' id='word_1_585' title='bbox 1257 4183 1400 4242; x_wconf 84' lang='lat' dir='ltr'>metuende,</span> <span class='ocrx_word' id='word_1_586' title='bbox 1414 4183 1459 4232; x_wconf 94' lang='lat' dir='ltr'>tibi</span> <span class='ocrx_word' id='word_1_587' title='bbox 1472 4186 1588 4234; x_wconf 81' lang='lat' dir='ltr'>terrorem</span> <span class='ocrx_word' id='word_1_588' title='bbox 1604 4186 1675 4234; x_wconf 88' lang='lat' dir='ltr'>lucu·</span> 
     </span>
     <span class='ocr_line' id='line_1_42' title="bbox 106 4261 1678 4343; baseline 0.003 -27"><span class='ocrx_word' id='word_1_589' title='bbox 106 4261 289 4340; x_wconf 70' lang='grc' dir='ltr'>ίρνίμόόλλιι.</span> <span class='ocrx_word' id='word_1_590' title='bbox 333 4261 389 4322; x_wconf 78' lang='grc' dir='ltr'>Καὶ</span> <span class='ocrx_word' id='word_1_591' title='bbox 405 4261 473 4330; x_wconf 89' lang='grc' dir='ltr'>τίνος</span> <span class='ocrx_word' id='word_1_592' title='bbox 487 4266 561 4335; x_wconf 88' lang='grc' dir='ltr'>θεῶν,</span> <span class='ocrx_word' id='word_1_593' title='bbox 578 4262 627 4343; x_wconf 80' lang='grc' dir='ltr'>ἔφη</span> <span class='ocrx_word' id='word_1_594' title='bbox 644 4263 842 4340; x_wconf 80' lang='grc' dir='ltr'>όΝαυσικλῆς,</span> <span class='ocrx_word' id='word_1_595' title='bbox 888 4272 959 4321; x_wconf 91' lang='lat' dir='ltr'>liunt.</span> <span class='ocrx_word' id='word_1_596' title='bbox 994 4269 1070 4331; x_wconf 85' lang='lat' dir='ltr'>cujus</span> <span class='ocrx_word' id='word_1_597' title='bbox 1088 4272 1170 4318; x_wconf 89' lang='lat' dir='ltr'>autem</span> <span class='ocrx_word' id='word_1_598' title='bbox 1186 4269 1239 4329; x_wconf 92' lang='lat' dir='ltr'>dei,</span> <span class='ocrx_word' id='word_1_599' title='bbox 1258 4270 1380 4320; x_wconf 85' lang='lat' dir='ltr'>llausioles</span> <span class='ocrx_word' id='word_1_600' title='bbox 1399 4271 1492 4333; x_wconf 90' lang='lat' dir='ltr'>inquit,</span> <span class='ocrx_word' id='word_1_601' title='bbox 1514 4275 1556 4321; x_wconf 84' lang='lat' dir='ltr'>eut</span> <span class='ocrx_word' id='word_1_602' title='bbox 1571 4273 1678 4321; x_wconf 90' lang='lat' dir='ltr'>numinis</span> 
     </span>
     <span class='ocr_line' id='line_1_43' title="bbox 106 4345 1677 4429; baseline 0.003 -26"><span class='ocrx_word' id='word_1_603' title='bbox 106 4345 160 4418; x_wconf 85' lang='grc' dir='ltr'>τίνος</span> <span class='ocrx_word' id='word_1_604' title='bbox 180 4349 312 4429; x_wconf 83' lang='grc' dir='ltr'>δαιμόνων</span> <span class='ocrx_word' id='word_1_605' title='bbox 336 4348 438 4407; x_wconf 82' lang='grc' dir='ltr'>ἀκούων</span> <span class='ocrx_word' id='word_1_606' title='bbox 459 4348 507 4421; x_wconf 76' lang='grc' dir='ltr'>τὴν</span> <span class='ocrx_word' id='word_1_607' title='bbox 527 4348 677 4426; x_wconf 71' lang='grc' dir='ltr'>ἐπωνυμίαν</span> <span class='ocrx_word' id='word_1_608' title='bbox 702 4348 844 4429; x_wconf 84' lang='grc' dir='ltr'>θχρηστθς</span> <span class='ocrx_word' id='word_1_609' title='bbox 888 4359 1070 4423; x_wconf 89' lang='lat' dir='ltr'>appellationem</span> <span class='ocrx_word' id='word_1_610' title='bbox 1085 4357 1184 4407; x_wconf 87' lang='lat' dir='ltr'>audieus</span> <span class='ocrx_word' id='word_1_611' title='bbox 1199 4357 1276 4407; x_wconf 91' lang='lat' dir='ltr'>bonus</span> <span class='ocrx_word' id='word_1_612' title='bbox 1292 4358 1344 4419; x_wconf 89' lang='lat' dir='ltr'>iric,</span> <span class='ocrx_word' id='word_1_613' title='bbox 1363 4359 1424 4407; x_wconf 85' lang='lat' dir='ltr'>terre</span> <span class='ocrx_word' id='word_1_614' title='bbox 1436 4372 1483 4407; x_wconf 88' lang='lat' dir='ltr'>nou</span> <span class='ocrx_word' id='word_1_615' title='bbox 1503 4363 1599 4422; x_wconf 82' lang='lat' dir='ltr'>polest?</span> <span class='ocrx_word' id='word_1_616' title='bbox 1615 4363 1677 4409; x_wconf 86' lang='lat' dir='ltr'>Saue</span> 
     </span>
     <span class='ocr_line' id='line_1_44' title="bbox 106 4428 1676 4518; baseline -0.002 -20"><span class='ocrx_word' id='word_1_617' title='bbox 106 4439 127 4490; x_wconf 70' lang='grc' dir='ltr'>ἰν</span> <span class='ocrx_word' id='word_1_618' title='bbox 137 4428 204 4507; x_wconf 59' lang='grc' dir='ltr'>οὗτος</span> <span class='ocrx_word' id='word_1_619' title='bbox 213 4440 262 4499; x_wconf 86' lang='grc' dir='ltr'>ούκ</span> <span class='ocrx_word' id='word_1_620' title='bbox 272 4437 410 4518; x_wconf 57' lang='lat' dir='ltr'>&amp;viperam</span> <span class='ocrx_word' id='word_1_621' title='bbox 421 4440 456 4498; x_wconf 78' lang='lat' dir='ltr'>Ei</span> <span class='ocrx_word' id='word_1_622' title='bbox 471 4438 518 4516; x_wconf 84' lang='grc' dir='ltr'>μέν</span> <span class='ocrx_word' id='word_1_623' title='bbox 531 4437 576 4496; x_wconf 85' lang='grc' dir='ltr'>καλ</span> <span class='ocrx_word' id='word_1_624' title='bbox 588 4442 663 4515; x_wconf 58' lang='grc' dir='ltr'>θεῶνς</span> <span class='ocrx_word' id='word_1_625' title='bbox 675 4437 843 4516; x_wconf 81' lang='grc' dir='ltr'>ἀπεκρίνατο,</span> <span class='ocrx_word' id='word_1_626' title='bbox 888 4449 908 4499; x_wconf 91' lang='lat' dir='ltr'>si</span> <span class='ocrx_word' id='word_1_627' title='bbox 918 4462 949 4497; x_wconf 84' lang='lat' dir='ltr'>ex</span> <span class='ocrx_word' id='word_1_628' title='bbox 963 4448 1007 4496; x_wconf 90' lang='lat' dir='ltr'>diis</span> <span class='ocrx_word' id='word_1_629' title='bbox 1027 4446 1143 4508; x_wconf 78' lang='lat' dir='ltr'>alieuius,</span> <span class='ocrx_word' id='word_1_630' title='bbox 1157 4446 1288 4507; x_wconf 88' lang='lat' dir='ltr'>respoudit,</span> <span class='ocrx_word' id='word_1_631' title='bbox 1308 4450 1350 4496; x_wconf 88' lang='lat' dir='ltr'>aut</span> <span class='ocrx_word' id='word_1_632' title='bbox 1369 4447 1517 4507; x_wconf 90' lang='lat' dir='ltr'>numinibus,</span> <span class='ocrx_word' id='word_1_633' title='bbox 1533 4461 1582 4499; x_wconf 89' lang='lat' dir='ltr'>nou</span> <span class='ocrx_word' id='word_1_634' title='bbox 1604 4447 1676 4496; x_wconf 88' lang='lat' dir='ltr'>habe-</span> 
     </span>
     <span class='ocr_line' id='line_1_45' title="bbox 106 4520 1677 4608; baseline -0.003 -21"><span class='ocrx_word' id='word_1_635' title='bbox 106 4520 227 4604; x_wconf 62' lang='grc' dir='ltr'>Β«μόνοιν,</span> <span class='ocrx_word' id='word_1_636' title='bbox 239 4529 287 4587; x_wconf 83' lang='grc' dir='ltr'>οὐκ</span> <span class='ocrx_word' id='word_1_637' title='bbox 301 4527 355 4608; x_wconf 81' lang='grc' dir='ltr'>ίχιο</span> <span class='ocrx_word' id='word_1_638' title='bbox 367 4527 467 4606; x_wconf 84' lang='grc' dir='ltr'>λέγειν·</span> <span class='ocrx_word' id='word_1_639' title='bbox 483 4526 621 4607; x_wconf 82' lang='grc' dir='ltr'>ἀνθρώπου</span> <span class='ocrx_word' id='word_1_640' title='bbox 632 4525 670 4598; x_wconf 80' lang='grc' dir='ltr'>δέ,</span> <span class='ocrx_word' id='word_1_641' title='bbox 682 4526 728 4584; x_wconf 81' lang='grc' dir='ltr'>καὶ</span> <span class='ocrx_word' id='word_1_642' title='bbox 739 4524 753 4584; x_wconf 88' lang='grc' dir='ltr'>θ</span> <span class='ocrx_word' id='word_1_643' title='bbox 765 4525 844 4585; x_wconf 87' lang='grc' dir='ltr'>πλέον</span> <span class='ocrx_word' id='word_1_644' title='bbox 889 4550 939 4586; x_wconf 91' lang='lat' dir='ltr'>reru</span> <span class='ocrx_word' id='word_1_645' title='bbox 961 4535 1025 4599; x_wconf 91' lang='lat' dir='ltr'>quod</span> <span class='ocrx_word' id='word_1_646' title='bbox 1046 4534 1150 4584; x_wconf 86' lang='lat' dir='ltr'>dioerem</span> <span class='ocrx_word' id='word_1_647' title='bbox 1169 4555 1175 4583; x_wconf 77' lang='lat' dir='ltr'>r</span> <span class='ocrx_word' id='word_1_648' title='bbox 1197 4537 1305 4584; x_wconf 84' lang='lat' dir='ltr'>ceterum</span> <span class='ocrx_word' id='word_1_649' title='bbox 1321 4534 1352 4583; x_wconf 88' lang='lat' dir='ltr'>ad</span> <span class='ocrx_word' id='word_1_650' title='bbox 1370 4548 1457 4585; x_wconf 89' lang='lat' dir='ltr'>nomeu</span> <span class='ocrx_word' id='word_1_651' title='bbox 1477 4534 1593 4595; x_wconf 86' lang='lat' dir='ltr'>hominis,</span> <span class='ocrx_word' id='word_1_652' title='bbox 1612 4533 1677 4596; x_wconf 83' lang='lat' dir='ltr'>quod</span> 
     </span>
     <span class='ocr_line' id='line_1_46' title="bbox 106 4610 1677 4697; baseline -0.003 -21"><span class='ocrx_word' id='word_1_653' title='bbox 106 4610 125 4668; x_wconf 73' lang='grc' dir='ltr'>θ</span> <span class='ocrx_word' id='word_1_654' title='bbox 141 4617 295 4694; x_wconf 63' lang='lat' dir='ltr'>torpendo,</span> <span class='ocrx_word' id='word_1_655' title='bbox 317 4617 370 4676; x_wconf 79' lang='grc' dir='ltr'>οὐδ’</span> <span class='ocrx_word' id='word_1_656' title='bbox 392 4616 483 4697; x_wconf 84' lang='grc' dir='ltr'>ἀνδρός</span> <span class='ocrx_word' id='word_1_657' title='bbox 497 4639 564 4682; x_wconf 91' lang='grc' dir='ltr'>τινος</span> <span class='ocrx_word' id='word_1_658' title='bbox 585 4615 602 4687; x_wconf 74' lang='grc' dir='ltr'>ἢ</span> <span class='ocrx_word' id='word_1_659' title='bbox 622 4619 673 4674; x_wconf 84' lang='grc' dir='ltr'>τῶν</span> <span class='ocrx_word' id='word_1_660' title='bbox 690 4615 731 4673; x_wconf 81' lang='grc' dir='ltr'>ἐπ’</span> <span class='ocrx_word' id='word_1_661' title='bbox 750 4615 843 4696; x_wconf 72' lang='grc' dir='ltr'>ἀνδρίᾳ</span> <span class='ocrx_word' id='word_1_662' title='bbox 889 4625 965 4688; x_wconf 81' lang='lat' dir='ltr'>magis</span> <span class='ocrx_word' id='word_1_663' title='bbox 983 4626 1020 4674; x_wconf 87' lang='lat' dir='ltr'>est</span> <span class='ocrx_word' id='word_1_664' title='bbox 1030 4624 1182 4684; x_wconf 88' lang='lat' dir='ltr'>mirandum,</span> <span class='ocrx_word' id='word_1_665' title='bbox 1198 4636 1277 4686; x_wconf 90' lang='lat' dir='ltr'>neque</span> <span class='ocrx_word' id='word_1_666' title='bbox 1297 4623 1342 4672; x_wconf 85' lang='lat' dir='ltr'>riri</span> <span class='ocrx_word' id='word_1_667' title='bbox 1361 4623 1506 4686; x_wconf 85' lang='lat' dir='ltr'>cujuspiam,</span> <span class='ocrx_word' id='word_1_668' title='bbox 1521 4625 1564 4672; x_wconf 90' lang='lat' dir='ltr'>aut</span> <span class='ocrx_word' id='word_1_669' title='bbox 1577 4635 1677 4684; x_wconf 91' lang='lat' dir='ltr'>eorum,</span> 
     </span>
     <span class='ocr_line' id='line_1_47' title="bbox 106 4695 1678 4787; baseline -0.003 -22"><span class='ocrx_word' id='word_1_670' title='bbox 106 4695 225 4787; x_wconf 43' lang='lat' dir='ltr'>viantibus</span> <span class='ocrx_word' id='word_1_671' title='bbox 241 4705 311 4765; x_wconf 82' lang='grc' dir='ltr'>ἀλλά</span> <span class='ocrx_word' id='word_1_672' title='bbox 323 4707 444 4783; x_wconf 81' lang='grc' dir='ltr'>γυναικὸς</span> <span class='ocrx_word' id='word_1_673' title='bbox 456 4705 502 4763; x_wconf 81' lang='grc' dir='ltr'>καί</span> <span class='ocrx_word' id='word_1_674' title='bbox 513 4703 612 4776; x_wconf 90' lang='grc' dir='ltr'>ταύτης</span> <span class='ocrx_word' id='word_1_675' title='bbox 626 4712 734 4784; x_wconf 80' lang='grc' dir='ltr'>νεκρᾶς,</span> <span class='ocrx_word' id='word_1_676' title='bbox 753 4707 787 4772; x_wconf 84' lang='grc' dir='ltr'>ὡς</span> <span class='ocrx_word' id='word_1_677' title='bbox 799 4705 845 4762; x_wconf 79' lang='grc' dir='ltr'>αθ·</span> <span class='ocrx_word' id='word_1_678' title='bbox 889 4713 930 4777; x_wconf 77' lang='lat' dir='ltr'>(pri</span> <span class='ocrx_word' id='word_1_679' title='bbox 941 4713 1015 4776; x_wconf 83' lang='lat' dir='ltr'>gloria</span> <span class='ocrx_word' id='word_1_680' title='bbox 1028 4712 1175 4763; x_wconf 86' lang='lat' dir='ltr'>tortitudinis</span> <span class='ocrx_word' id='word_1_681' title='bbox 1187 4715 1243 4762; x_wconf 87' lang='lat' dir='ltr'>sunl</span> <span class='ocrx_word' id='word_1_682' title='bbox 1255 4713 1373 4772; x_wconf 88' lang='lat' dir='ltr'>illustres,</span> <span class='ocrx_word' id='word_1_683' title='bbox 1385 4713 1426 4761; x_wconf 86' lang='lat' dir='ltr'>sed</span> <span class='ocrx_word' id='word_1_684' title='bbox 1442 4710 1549 4761; x_wconf 88' lang='lat' dir='ltr'>mulieris</span> <span class='ocrx_word' id='word_1_685' title='bbox 1560 4713 1585 4762; x_wconf 90' lang='lat' dir='ltr'>et</span> <span class='ocrx_word' id='word_1_686' title='bbox 1596 4711 1678 4773; x_wconf 85' lang='lat' dir='ltr'>hujus,</span> 
     </span>
     <span class='ocr_line' id='line_1_48' title="bbox 106 4791 1678 4874; baseline 0.001 -26"><span class='ocrx_word' id='word_1_687' title='bbox 106 4806 203 4868; x_wconf 77' lang='lat' dir='ltr'>tpqau,</span> <span class='ocrx_word' id='word_1_688' title='bbox 218 4793 242 4853; x_wconf 82' lang='grc' dir='ltr'>εί</span> <span class='ocrx_word' id='word_1_689' title='bbox 254 4818 293 4861; x_wconf 90' lang='grc' dir='ltr'>τις</span> <span class='ocrx_word' id='word_1_690' title='bbox 312 4793 383 4873; x_wconf 90' lang='grc' dir='ltr'>λέγει</span> <span class='ocrx_word' id='word_1_691' title='bbox 404 4791 534 4870; x_wconf 81' lang='grc' dir='ltr'>τοῦνομα,</span> <span class='ocrx_word' id='word_1_692' title='bbox 549 4792 670 4874; x_wconf 83' lang='grc' dir='ltr'>πέρρικε.</span> <span class='ocrx_word' id='word_1_693' title='bbox 714 4795 771 4863; x_wconf 76' lang='grc' dir='ltr'>Τῆς</span> <span class='ocrx_word' id='word_1_694' title='bbox 783 4797 845 4870; x_wconf 77' lang='grc' dir='ltr'>γοῦν</span> <span class='ocrx_word' id='word_1_695' title='bbox 891 4804 918 4852; x_wconf 89' lang='lat' dir='ltr'>ut</span> <span class='ocrx_word' id='word_1_696' title='bbox 929 4803 981 4867; x_wconf 86' lang='lat' dir='ltr'>lpse</span> <span class='ocrx_word' id='word_1_697' title='bbox 993 4802 1065 4864; x_wconf 86' lang='lat' dir='ltr'>dicit,</span> <span class='ocrx_word' id='word_1_698' title='bbox 1078 4804 1195 4861; x_wconf 83' lang='lat' dir='ltr'>morture,</span> <span class='ocrx_word' id='word_1_699' title='bbox 1208 4801 1227 4850; x_wconf 92' lang='lat' dir='ltr'>si</span> <span class='ocrx_word' id='word_1_700' title='bbox 1240 4801 1295 4864; x_wconf 90' lang='lat' dir='ltr'>quis</span> <span class='ocrx_word' id='word_1_701' title='bbox 1313 4801 1373 4850; x_wconf 91' lang='lat' dir='ltr'>illud</span> <span class='ocrx_word' id='word_1_702' title='bbox 1386 4801 1574 4860; x_wconf 86' lang='lat' dir='ltr'>commemoret,</span> <span class='ocrx_word' id='word_1_703' title='bbox 1591 4800 1678 4850; x_wconf 87' lang='lat' dir='ltr'>eohor-</span> 
     </span>
     <span class='ocr_line' id='line_1_49' title="bbox 106 4875 1677 4960; baseline -0.004 -16"><span class='ocrx_word' id='word_1_704' title='bbox 106 4875 154 4944; x_wconf 62' lang='lat' dir='ltr'>urb</span> <span class='ocrx_word' id='word_1_705' title='bbox 164 4886 221 4941; x_wconf 84' lang='grc' dir='ltr'>καθ’</span> <span class='ocrx_word' id='word_1_706' title='bbox 235 4882 269 4955; x_wconf 74' lang='grc' dir='ltr'>ἣν</span> <span class='ocrx_word' id='word_1_707' title='bbox 286 4881 340 4940; x_wconf 85' lang='grc' dir='ltr'>ἀπὸ</span> <span class='ocrx_word' id='word_1_708' title='bbox 354 4883 405 4939; x_wconf 87' lang='grc' dir='ltr'>τῶν</span> <span class='ocrx_word' id='word_1_709' title='bbox 427 4882 558 4960; x_wconf 89' lang='grc' dir='ltr'>βουκόλων</span> <span class='ocrx_word' id='word_1_710' title='bbox 572 4882 682 4952; x_wconf 80' lang='grc' dir='ltr'>ἐπέστης</span> <span class='ocrx_word' id='word_1_711' title='bbox 705 4879 845 4949; x_wconf 79' lang='grc' dir='ltr'>ἀνασώζειν</span> <span class='ocrx_word' id='word_1_712' title='bbox 890 4893 970 4942; x_wconf 82' lang='lat' dir='ltr'>rescit.</span> <span class='ocrx_word' id='word_1_713' title='bbox 1004 4892 1126 4941; x_wconf 87' lang='lat' dir='ltr'>llasenim</span> <span class='ocrx_word' id='word_1_714' title='bbox 1138 4891 1222 4951; x_wconf 85' lang='lat' dir='ltr'>nocte,</span> <span class='ocrx_word' id='word_1_715' title='bbox 1234 4903 1283 4952; x_wconf 91' lang='lat' dir='ltr'>qna</span> <span class='ocrx_word' id='word_1_716' title='bbox 1293 4889 1379 4940; x_wconf 79' lang='lat' dir='ltr'>renuti</span> <span class='ocrx_word' id='word_1_717' title='bbox 1395 4902 1410 4939; x_wconf 90' lang='lat' dir='ltr'>a</span> <span class='ocrx_word' id='word_1_718' title='bbox 1424 4889 1594 4952; x_wconf 78' lang='lat' dir='ltr'>predonibus,</span> <span class='ocrx_word' id='word_1_719' title='bbox 1609 4890 1677 4938; x_wconf 89' lang='lat' dir='ltr'>ineo·</span> 
     </span>
     <span class='ocr_line' id='line_1_50' title="bbox 106 4959 1679 5052; baseline -0.004 -20"><span class='ocrx_word' id='word_1_720' title='bbox 106 4959 142 5052; x_wconf 72' lang='lat' dir='ltr'>pio,</span> <span class='ocrx_word' id='word_1_721' title='bbox 157 4959 176 5028; x_wconf 81' lang='grc' dir='ltr'>ύ</span> <span class='ocrx_word' id='word_1_722' title='bbox 189 4971 274 5048; x_wconf 80' lang='grc' dir='ltr'>’γαθί,</span> <span class='ocrx_word' id='word_1_723' title='bbox 295 4969 343 5044; x_wconf 73' lang='grc' dir='ltr'>τὴν</span> <span class='ocrx_word' id='word_1_724' title='bbox 360 4971 533 5051; x_wconf 85' lang='grc' dir='ltr'>Χαρίκλειαν,</span> <span class='ocrx_word' id='word_1_725' title='bbox 547 4975 593 5029; x_wconf 85' lang='grc' dir='ltr'>οὐκ</span> <span class='ocrx_word' id='word_1_726' title='bbox 608 4961 656 5028; x_wconf 80' lang='grc' dir='ltr'>οἶδ’</span> <span class='ocrx_word' id='word_1_727' title='bbox 671 4968 741 5037; x_wconf 80' lang='grc' dir='ltr'>ὅπως</span> <span class='ocrx_word' id='word_1_728' title='bbox 758 4969 775 5041; x_wconf 74' lang='grc' dir='ltr'>ἢ</span> <span class='ocrx_word' id='word_1_729' title='bbox 790 4970 846 5029; x_wconf 80' lang='grc' dir='ltr'>ὅθεν</span> <span class='ocrx_word' id='word_1_730' title='bbox 891 4982 981 5030; x_wconf 90' lang='lat' dir='ltr'>lumem</span> <span class='ocrx_word' id='word_1_731' title='bbox 996 4980 1065 5031; x_wconf 90' lang='lat' dir='ltr'>nobis</span> <span class='ocrx_word' id='word_1_732' title='bbox 1076 4979 1199 5031; x_wconf 87' lang='lat' dir='ltr'>adducens</span> <span class='ocrx_word' id='word_1_733' title='bbox 1210 4979 1373 5039; x_wconf 86' lang='lat' dir='ltr'>clrarieleam,</span> <span class='ocrx_word' id='word_1_734' title='bbox 1383 4978 1465 5027; x_wconf 89' lang='lat' dir='ltr'>neseio</span> <span class='ocrx_word' id='word_1_735' title='bbox 1474 4990 1524 5041; x_wconf 91' lang='lat' dir='ltr'>quo</span> <span class='ocrx_word' id='word_1_736' title='bbox 1539 4980 1623 5040; x_wconf 86' lang='lat' dir='ltr'>paeto,</span> <span class='ocrx_word' id='word_1_737' title='bbox 1636 4979 1679 5026; x_wconf 88' lang='lat' dir='ltr'>aut</span> 
     </span>
     <span class='ocr_line' id='line_1_51' title="bbox 106 5044 1679 5144; baseline -0.003 -25"><span class='ocrx_word' id='word_1_738' title='bbox 106 5044 186 5144; x_wconf 39' lang='grc' dir='ltr'>λίθω,</span> <span class='ocrx_word' id='word_1_739' title='bbox 197 5058 289 5119; x_wconf 87' lang='grc' dir='ltr'>τούτου</span> <span class='ocrx_word' id='word_1_740' title='bbox 303 5059 480 5140; x_wconf 83' lang='grc' dir='ltr'>παρακηκοὼς</span> <span class='ocrx_word' id='word_1_741' title='bbox 495 5065 539 5119; x_wconf 82' lang='grc' dir='ltr'>τοῦ</span> <span class='ocrx_word' id='word_1_742' title='bbox 558 5058 700 5136; x_wconf 79' lang='grc' dir='ltr'>ὀνόματος,</span> <span class='ocrx_word' id='word_1_743' title='bbox 721 5059 775 5117; x_wconf 80' lang='grc' dir='ltr'>οὐδ’</span> <span class='ocrx_word' id='word_1_744' title='bbox 786 5058 846 5117; x_wconf 88' lang='grc' dir='ltr'>ὀσον</span> <span class='ocrx_word' id='word_1_745' title='bbox 891 5066 968 5127; x_wconf 91' lang='lat' dir='ltr'>unde,</span> <span class='ocrx_word' id='word_1_746' title='bbox 983 5067 1042 5126; x_wconf 88' lang='lat' dir='ltr'>boe,</span> <span class='ocrx_word' id='word_1_747' title='bbox 1058 5065 1089 5117; x_wconf 91' lang='lat' dir='ltr'>de</span> <span class='ocrx_word' id='word_1_748' title='bbox 1102 5080 1151 5128; x_wconf 91' lang='lat' dir='ltr'>quo</span> <span class='ocrx_word' id='word_1_749' title='bbox 1163 5066 1231 5128; x_wconf 87' lang='lat' dir='ltr'>dieo,</span> <span class='ocrx_word' id='word_1_750' title='bbox 1244 5064 1359 5116; x_wconf 78' lang='lat' dir='ltr'>exaudito</span> <span class='ocrx_word' id='word_1_751' title='bbox 1375 5066 1485 5126; x_wconf 87' lang='lat' dir='ltr'>nomine,</span> <span class='ocrx_word' id='word_1_752' title='bbox 1499 5079 1529 5116; x_wconf 88' lang='lat' dir='ltr'>ne</span> <span class='ocrx_word' id='word_1_753' title='bbox 1543 5063 1679 5129; x_wconf 86' lang='lat' dir='ltr'>paullulum</span> 
     </span>
     <span class='ocr_line' id='line_1_52' title="bbox 106 5145 1678 5234; baseline -0.004 -28"><span class='ocrx_word' id='word_1_754' title='bbox 106 5145 133 5199; x_wconf 67' lang='lat'>9⁰&lt;</span> <span class='ocrx_word' id='word_1_755' title='bbox 145 5145 224 5228; x_wconf 78' lang='grc' dir='ltr'>βραχύ</span> <span class='ocrx_word' id='word_1_756' title='bbox 236 5153 299 5227; x_wconf 79' lang='grc' dir='ltr'>γοῦν</span> <span class='ocrx_word' id='word_1_757' title='bbox 314 5147 395 5208; x_wconf 86' lang='grc' dir='ltr'>ύπνου</span> <span class='ocrx_word' id='word_1_758' title='bbox 409 5173 455 5226; x_wconf 92' lang='grc' dir='ltr'>μοι</span> <span class='ocrx_word' id='word_1_759' title='bbox 467 5148 626 5227; x_wconf 79' lang='grc' dir='ltr'>μεταλαόεῖν</span> <span class='ocrx_word' id='word_1_760' title='bbox 635 5147 763 5234; x_wconf 63' lang='grc' dir='ltr'>ἀνέδωκε,</span> <span class='ocrx_word' id='word_1_761' title='bbox 776 5169 847 5206; x_wconf 87' lang='grc' dir='ltr'>συνε·</span> <span class='ocrx_word' id='word_1_762' title='bbox 890 5155 989 5218; x_wconf 83' lang='lat' dir='ltr'>quidem</span> <span class='ocrx_word' id='word_1_763' title='bbox 1009 5156 1087 5205; x_wconf 86' lang='lat' dir='ltr'>somni</span> <span class='ocrx_word' id='word_1_764' title='bbox 1108 5168 1147 5204; x_wconf 90' lang='lat' dir='ltr'>me</span> <span class='ocrx_word' id='word_1_765' title='bbox 1167 5166 1251 5217; x_wconf 80' lang='lat' dir='ltr'>capere</span> <span class='ocrx_word' id='word_1_766' title='bbox 1273 5153 1395 5217; x_wconf 86' lang='lat' dir='ltr'>permisit,</span> <span class='ocrx_word' id='word_1_767' title='bbox 1413 5153 1527 5204; x_wconf 83' lang='lat' dir='ltr'>continue</span> <span class='ocrx_word' id='word_1_768' title='bbox 1543 5165 1593 5216; x_wconf 78' lang='lat' dir='ltr'>prae</span> <span class='ocrx_word' id='word_1_769' title='bbox 1612 5155 1678 5202; x_wconf 90' lang='lat' dir='ltr'>metu</span> 
     </span>
    </p>
   </div>
   <div class='ocr_carea' id='block_1_6' title="bbox 0 0 1871 5692">
    <p class='ocr_par' dir='ltr' id='par_1_6' title="bbox 0 0 1871 5692">
     <span class='ocr_line' id='line_1_53' title="bbox 0 0 1871 5692; baseline 0 0"><span class='ocrx_word' id='word_1_770' title='bbox 0 0 1871 5692; x_wconf 95' lang='lat' dir='ltr'> </span> 
     </span>
    </p>
   </div>
  </div>
 </body>
</html>
