3726 5692
636 349 750 407 arnan
770 348 807 409 ν.
861 421 869 440 ,
1463 365 1516 416 σοι

108 509 116 542 ι
139 486 248 553 astla
273 481 420 561 Χαρίκλεια
445 480 491 538 καί
514 479 597 538 ἐδόκει
617 482 687 545 ναοῖς
709 485 713 547 l
765 489 794 534 V.
813 485 972 535 collaudabat
985 486 1038 535 lraec
1052 488 1176 536 Cinariclea
1193 492 1217 537 et
1228 490 1306 538 visum
1321 497 1370 551 est,
1385 493 1405 540 si
1420 506 1433 540 a
1450 506 1475 541 sc
1486 495 1523 542 in-

122 572 287 652 χωρισθεῖεν,
311 568 328 641 ἢ
353 569 504 646 ἀγάλμασιν
530 567 685 644 ἐπισήμοις,

114 660 193 724 λίθοις
207 659 249 716 ἐπὶ
264 655 382 737 τριόδων,
402 655 446 714 τὸν
468 655 515 730 μέν
537 655 686 731 Θεαγένην,

709 572 712 607 t
735 574 811 622 vicem
825 578 1002 637 separarentur,
1014 578 1041 624 ut
1052 576 1147 635 templis
1157 580 1199 625 aut
1208 578 1294 626 statuis
1306 579 1452 640 insignibus,
1466 585 1524 631 ller-

710 696 712 732 t
735 665 818 712 miset
836 662 956 724 lapidibus
971 664 995 711 in
1014 662 1106 724 triviis,
1118 665 1256 727 Tbeagenes
1269 667 1366 728 quidem
1383 670 1523 731 Pythicas,

106 749 148 819 τήν
162 747 189 806 δὲ
202 746 402 825 Χαρίκλειαν,ή
417 743 555 817 Πυθιὰς,
573 743 624 802 ἐπὶ
639 745 688 800 δε·
710 756 713 806 t
735 752 858 801 chariclea
872 765 944 812 vero,
961 751 1070 811 Pythius
1082 752 1251 813 inscriberent,
1265 754 1302 803 cd
1319 755 1455 815 dextrum,
1476 763 1524 809 out

106 831 687 914 ττερδιπεπόρευται,πόλινέπῖτήνδε

106 931 184 996 luce,
197 922 300 1001 ἡμέραν
313 921 358 980 καί
370 919 438 1000 ὥραν
450 920 687 1000 προσδιορίζοντας.

106 1011 138 1070 τὸν
156 1012 298 1087 γίγνοιντο,
315 1013 403 1091 ἀρκεῖν
426 1008 474 1085 μὲν
495 1013 533 1090 τῷ
547 1011 628 1089 ἑτέρῳ
645 1008 688 1066 τὸν

106 1124 142 1159 ιον
157 1101 277 1178 ὀφθῆναι.
319 1098 423 1158 Οὐδένα
440 1098 491 1176 γὰρ
507 1101 600 1177 χρόνον
622 1088 689 1155 εἶναι

122 1190 209 1254 αὐτοῖς
230 1192 281 1245 τῶν
296 1191 388 1266 ψυχῶν
409 1187 442 1244 τά
457 1186 570 1266 ἐρωτικὰ
592 1186 689 1265 γνωρί-

106 1302 141 1344 ως
162 1276 183 1334 δ’
198 1271 241 1334 οὖν
261 1280 277 1346 ἡ
295 1276 342 1351 μὲν
362 1275 508 1354 Χαρίκλεια
532 1275 575 1331 τὸν
598 1297 688 1332 συνεκ·

112 1368 234 1446 πατρῷον
247 1365 345 1424 ἐδείκνυ
357 1363 503 1423 δακτύλιον
518 1362 597 1435 οὐλήν
609 1364 632 1420 δ’
645 1362 689 1420 ἐπὶ

106 1456 207 1534 ιθήρας
223 1454 283 1522 συὸς
304 1458 318 1512 ὁ
339 1455 485 1531 Θεαγένης.
530 1453 578 1513 Ἐκ
594 1453 620 1511 δὲ
642 1451 689 1511 λα’·

117 1550 133 1614 ἡ
158 1543 205 1620 μίν
220 1543 367 1618 λαμπάδα,
390 1543 445 1617 bd}
466 1543 569 1621 φοίνικα
590 1542 690 1601 συνετί-

106 1630 206 1697 τούτοις
220 1622 293 1696 αθθις
310 1630 483 1709 περιέόαλλον
499 1630 627 1702 ἀλλήλους
644 1631 689 1687 καί

106 1767 112 1793 ,
137 1722 227 1800 ὥσπερ
251 1711 326 1795 οἶμαι
353 1721 472 1777 σπονδῶν
494 1722 545 1776 τῶν
571 1717 689 1797 δακρύων

106 1810 122 1868 ιί
135 1809 211 1889 ὅρκια
225 1807 258 1867 τά
272 1807 410 1888 φιλήματα
421 1807 582 1882 ποιούμενοι.
625 1804 690 1866 Τού-

108 1924 154 1969 ων,
171 1897 309 1956 ἀνεδύοντο
326 1903 372 1954 τοῦ
387 1897 532 1967 σπηλαίου,
546 1896 690 1972 κειμηλίων

105 1993 129 2046 iv
151 1987 359 2061 ἐναπόκειμένων
381 1984 480 2049 οὐδενὸς
504 1983 632 2060 θιγόντες,
647 1983 690 2040 τδν

105 2080 157 2134 λων
174 2077 286 2132 πλοῦτον
313 2073 425 2151 βέόηλον
442 2071 606 2147 ἐδοκίμαζον,
633 2072 650 2128 ἃ
668 2073 689 2128 δ’

119 2166 228 2243 Δελφῶν
250 2162 392 2238 ἐπήγοντο,
407 2163 430 2218 οἱ
451 2160 549 2237 λῃσταὶ
567 2160 589 2216 δ’
605 2160 690 2217 αὐτῶν

106 2258 155 2311 ῦτα
176 2251 404 2317 συνεσκευάζοντο.
449 2247 484 2307 ‘ll
498 2246 649 2327 Χαρίκλεια
663 2246 690 2305 δὲ

109 2364 152 2398 σεν
175 2340 269 2411 αὑτήν,
295 2337 417 2413 ἐνθεμένη
441 2336 488 2411 μὲν
509 2337 623 2416 πηριδίῳ
640 2334 691 2393 τινί

116 2428 162 2487 καὶ
177 2433 211 2486 τθι
224 2427 364 2504 στέμματα
380 2427 424 2483 καὶ
437 2425 483 2496 τήν
501 2424 573 2505 ίεράν
595 2428 691 2494 ἐσθῆτα

107 2518 178 2576 ἄνειν
193 2515 286 2581 αὐτούς
300 2516 346 2572 καί
370 2515 437 2571 ἀλλα
450 2514 532 2585 σκεύη
554 2517 605 2572 τῶν
620 2515 690 2571 εὖτε·

106 2629 151 2676 σα,
171 2604 201 2662 τό
214 2603 241 2661 δὲ
253 2602 325 2670 τόξον
346 2602 392 2659 καί
404 2602 450 2672 τήν
473 2600 604 2682 φαρέτραν
619 2603 691 2661 Θεα·

106 2692 275 2774 γχειρίσασα,
290 2692 381 2772 φόρτον
396 2691 502 2761 ἥδιστον
513 2690 559 2748 καί
573 2694 630 2747 θεοῦ
645 2694 690 2747 τοῦ

106 2785 183 2842 ιείνου
205 2783 285 2840 ὅπλον
308 2782 478 2840 οἰκειότατον.
521 2777 595 2857 Ἄρτι
610 2777 637 2836 δέ
659 2783 691 2856 τῇ

106 2895 196 2938 σαντες
210 2872 255 2929 καὶ
270 2870 385 2950 σκύφους
400 2866 572 2939 ἐπιθήσεσθαι
587 2865 693 2943 μέλλον·

106 2964 173 3040 ρῶσι
185 2961 282 3030 πλῆθος
294 2959 337 3017 ἐπὶ
347 2958 394 3029 τὴν
405 2963 484 3027 νῆσον
496 2955 691 3034 περαιούμενον.

106 3050 226 3113 ιοίσαντες
240 3039 284 3105 σόν
299 3048 364 3126 πρὸς
379 3046 426 3116 τήν
444 3045 504 3103 θέαν
524 3044 691 3103 ἐπιπλεῖστον

106 3161 193 3208 ιεσοιν,
206 3127 259 3195 οἷον
273 3139 451 3213 ἀπαλγοῖνντες
460 3133 523 3210 πρὸς
537 3131 585 3203 τήν
599 3131 692 3209 τύχην,

108 3228 160 3290 λως
182 3225 390 3302 ἐπηρεάζουσαν.
434 3220 501 3301 Ὀψὲ
522 3221 544 3278 δ’
565 3213 609 3278 ούν
630 3243 693 3278 ποτε

106 3313 336 3393 ροσορμιζομένων
347 3312 397 3382 ἤδη
406 3314 457 3368 τῶν
473 3310 613 3383 ἐπιόντων,
627 3310 694 3367 ἀπο-

123 3402 268 3477 Χαρίκλεια
290 3398 335 3457 καὶ
358 3401 396 3476 τῷ
422 3396 545 3476 σπηλαίῳ
571 3397 693 3476 κρύπτειν

130 3488 277 3553 διαλόθοιεν
300 3485 372 3557 ἠξίου
395 3485 441 3542 καί
464 3483 512 3560 ἀμ’
537 3485 691 3563 ἀπέτρεχεν,

106 3575 163 3648 ένης
186 3574 276 3653 ἐπεῖχέ
290 3598 318 3631 τε
334 3569 478 3651 καί,”λχρι
502 3573 583 3645 τίνος,
606 3572 693 3648 ἐλεγέ,

106 3691 109 3715 ι
122 3669 260 3742 πανταχοῦ
274 3662 419 3720 διώκουσαν
435 3656 613 3738 εἱμαρμένην,
625 3661 695 3728 εἴξω-

106 3755 148 3811 nari
159 3752 325 3831 χωρήσωμεν
336 3749 417 3824 ὁμόσε
427 3752 464 3830 τῷ
475 3749 585 3828 φέροντι.
629 3752 694 3827 Κερ-

106 3864 118 3895 ν
142 3839 268 3908 ἀνήνυτον
289 3838 335 3895 καὶ
358 3838 482 3908 πλάνητα
508 3836 562 3915 βίον
583 3834 628 3893 καὶ
647 3837 694 3906 τὴν

106 3935 117 3985 3
133 3928 255 4003 δαίμονος
274 3929 332 3984 καθ’
349 3929 423 4001 ἡμῶν
443 3923 591 4002 πομπείαν.
634 3925 696 4002 Οὐχ

106 4017 139 4082 ιῖς
153 4015 338 4075 ἐπισυνάπτειν
363 4014 520 4093 πειρατήρια
534 4011 646 4079 καὶτοῖς
667 4015 696 4071 ἐκ

106 4129 160 4170 ποις
174 4104 207 4162 τδι
222 4108 251 4162 ἐκ
265 4108 311 4174 τῆς
329 4108 377 4180 γῆς
392 4104 568 4182 φιλοτιμεῖται
590 4102 696 4180 [χαλε·

106 4193 196 4267 λέμους
208 4191 284 4271 ἄρτι,
298 4189 397 4270 ληστδις
410 4192 465 4265 μετ’
481 4190 578 4265 ὀλίγον,
592 4190 695 4268 αἰχμα-

117 4279 228 4360 πρύσθεν
242 4269 311 4357 εἶχεν
322 4322 330 4353 ,
344 4277 456 4357 ἐρήμους
468 4268 540 4343 αύθις
552 4275 695 4344 ἀπέδειξεν·

106 4368 125 4427 vi
137 4368 221 4449 φυγήν
236 4366 372 4444 ἐλευθέραν
385 4365 493 4423 ὑπέθετο
503 4366 547 4422 καί
556 4365 614 4429 τούς
622 4367 695 4421 ἀναι·

106 4479 196 4529 usqae.
240 4459 265 4515 Τ
267 4460 365 4514 οιοῢτον
380 4457 466 4522 παίζει
481 4453 539 4511 καθ’
556 4455 632 4528 ήμῶν
645 4452 696 4510 πό-

106 4581 108 4600 .
123 4544 222 4618 σκηνὴν
236 4544 270 4602 τδι
282 4542 399 4621 ἡμέτερα
414 4541 459 4599 καὶ
477 4544 566 4620 δρᾶμα
583 4563 695 4611 πεποιη-

106 4629 124 4693 {v
140 4637 190 4713 οὐχ
211 4633 391 4707 ὑποτέμνομεν
414 4633 492 4688 αὐτοῦ
508 4629 556 4699 τήν
570 4629 696 4709 τραγικήν

109 4748 131 4782 ιν
150 4723 196 4782 καὶ
219 4731 271 4788 τοῖς
294 4717 458 4799 βουλομένοις
477 4721 592 4798 ἀναιρεῖν
612 4720 696 4794 ἐγχει-

106 4836 134 4891 ιη
152 4812 198 4869 καὶ
213 4810 354 4888 ὑπέρογκον
369 4808 398 4864 τὸ
415 4808 488 4873 τέλος
502 4812 546 4863 τοῦ
563 4805 697 4883 δράματος

106 4925 123 4968 ις
135 4899 181 4958 καί
202 4898 359 4976 αὐτόχειρας
371 4899 442 4971 ἡμᾶς
455 4897 555 4953 ἑαυτῶν
570 4892 697 4966 ἐκθιόση·

109 5100 121 5142 ς
133 5073 279 5156 εἰρημένοις
296 5076 325 5132 οὗ
339 5081 419 5131 πᾶσιν
434 5077 450 5142 l,
464 5070 614 5150 Χαρίκλεια
636 5093 697 5128 συν-

106 5165 141 5224 ιὲν
153 5165 235 5244 τύχην
249 5166 275 5222 ἐν
289 5163 347 5240 δίκη
362 5165 565 5240 κακηγορεῑσθαι
577 5159 641 5240 πρὸς
651 5162 696 5218 αὐ·

710 830 712 841 ’
736 841 773 888 od
790 843 928 889 sinistrum
946 840 1057 901 αθιενῖι,
1077 841 1115 890 cd
1133 842 1203 892 hane
1221 843 1326 899 arbem,
1342 857 1454 906 populu,
1476 852 1524 896 aut

735 932 849 989 οειιίειιι,
870 929 933 978 ὀίεαι
955 931 1052 991 iusuper
1066 935 1090 978 et
1110 931 1193 979 horam
1208 933 1378 991 exprimentes.
1414 935 1484 992 Quod
1505 937 1524 984 si

735 1018 905 1077 convenirent,
921 1018 1031 1067 sufficere
1045 1017 1157 1080 quidem,
1172 1021 1199 1068 ut
1215 1019 1276 1069 alter
1288 1022 1319 1070 ab
1335 1023 1409 1070 altero
1428 1026 1524 1073 tantum

736 1105 896 1167 conspiciatur
913 1123 920 1153 r
937 1107 1031 1154 nullum
1048 1107 1113 1155 enim
1131 1110 1227 1169 tempus
1242 1109 1369 1158 obscurare
1383 1111 1408 1160 iu
1429 1112 1524 1162 illorum

736 1194 862 1242 animabus
871 1195 960 1243 amoris
971 1195 1037 1256 sigua
1047 1208 1114 1256 posse
1126 1215 1132 1244 ε
1143 1199 1251 1245 attamen
1261 1197 1386 1248 chariclea
1398 1205 1524 1261 paternum

736 1283 853 1331 ancialum
868 1296 952 1330 seuram
968 1283 1105 1344 expositum
1123 1284 1260 1334 ostenderet
1266 1302 1273 1344 ;
1292 1286 1429 1336 cicatricem
1443 1292 1524 1338 autem

737 1372 760 1420 in
779 1384 855 1433 genu,
875 1384 905 1419 ex
924 1372 1024 1420 vulnere
1042 1371 1162 1422 inflictoa
1180 1373 1283 1423 silvestri
1302 1388 1357 1435 sue,
1377 1377 1525 1440 Theogenes.

738 1462 837 1509 l‘orroe
852 1458 964 1509 condictu
980 1462 1098 1519 tesseras,
1114 1460 1154 1509 illa
1172 1461 1270 1523 quidem
1283 1462 1373 1524 facem,
1387 1464 1426 1513 bic
1443 1467 1524 1516 autem

737 1548 842 1610 palmam
856 1552 883 1596 ut
899 1548 1011 1608 heberet,
1028 1549 1091 1597 inter
1105 1563 1131 1599 se
1148 1551 1333 1600 constituerunt.
1367 1554 1425 1602 Mox
1444 1567 1526 1605 rursus

736 1637 958 1698 conplectebantur
969 1650 995 1686 se
1006 1637 1110 1687 invicem
1121 1640 1146 1688 et
1158 1652 1241 1688 rursus
1253 1640 1393 1701 plorabant,
1405 1642 1524 1704 lacrimas.

737 1727 764 1773 ut
784 1725 911 1785 existimo,
934 1729 1049 1788 tanquam
1071 1727 1195 1776 libationes
1217 1727 1317 1777 fundere
1339 1729 1480 1792 incipientes
1501 1735 1526 1781 et

737 1820 819 1869 oscula
830 1820 986 1881 iurisiurandi
996 1821 1049 1869 loco
1061 1820 1166 1882 ligantes.
1199 1823 1243 1871 llis
1255 1823 1288 1872 ita
1301 1823 1363 1873 inter
1374 1838 1400 1873 se
1411 1826 1526 1874 constitu·

737 1915 781 1972 tis,
804 1917 873 1964 antro
891 1915 1075 1976 egrediebantur
1092 1917 1191 1965 omnino
1206 1917 1335 1967 thesauros
1351 1920 1392 1980 qui
1407 1919 1439 1967 ihi
1458 1925 1525 1970 erant

738 2009 853 2058 reconditi
871 2023 920 2058 nun
938 2011 1095 2073 attingentes:
1114 2012 1203 2061 etenim
1221 2026 1279 2074 opes
1295 2027 1324 2062 er
1339 2013 1420 2075 spoliis
1431 2018 1524 2077 partas,
1599 2079 1602 2084 ὓ
1680 2026 1682 2031 ·

738 2103 845 2164 impuras
855 2103 989 2166 ducebant3
999 2105 1040 2155 sed
1050 2119 1105 2167 quae
1117 2119 1199 2155 secum
1207 2107 1250 2168 ipsi
1261 2108 1359 2170 Delphis
1368 2109 1524 2170 advexerant,

739 2198 863 2259 praedones
883 2202 965 2249 autem
986 2201 1137 2263 eripuerant,
1157 2214 1186 2250 ea
1206 2203 1306 2251 collecta
1327 2204 1357 2252 ad
1378 2203 1424 2253 iter
1443 2217 1525 2254 secum

737 2297 918 2355 apparaverunt.
953 2295 1079 2345 chariclea
1088 2308 1146 2345 vero
1158 2297 1232 2345 etlam
1243 2301 1334 2347 vestem
1347 2299 1464 2360 mutavit;
1478 2300 1525 2348 im·

739 2388 815 2449 [usito
836 2388 860 2436 in
875 2389 1018 2440 sarcinulam
1031 2391 1162 2452 quamdam
1174 2391 1258 2441 monili
1274 2396 1297 2442 et
1309 2394 1403 2442 curonis
1420 2398 1444 2443 et
1459 2407 1526 2443 sacra

739 2486 805 2532 vesle
818 2484 905 2545 atque,
925 2487 953 2533 ut
967 2460 1098 2534 occultiora
1116 2487 1211 2547 essent,
1230 2486 1302 2535 etiam
1317 2488 1363 2536 alia
1384 2489 1526 2550 supellectili

738 2575 816 2625 viliori
829 2577 932 2640 desuper
944 2578 1045 2639 iniecta,
1055 2592 1112 2628 arcu
1122 2582 1202 2629 antem
1214 2583 1238 2630 et
1248 2581 1359 2644 pharetra
1370 2582 1525 2646 Theageuiad

739 2672 864 2723 ferendum
877 2673 977 2735 tradita,
989 2688 1061 2725 onere
1072 2675 1106 2724 illl
1119 2676 1260 2726 suavissimo
1275 2681 1300 2728 et
1310 2679 1384 2727 armis
1395 2680 1433 2729 dei
1449 2680 1526 2741 impe·

740 2769 802 2818 rium
816 2768 841 2818 in
862 2770 931 2818 illum
951 2769 1082 2819 obtinentis
1096 2771 1205 2833 propriis.
1240 2774 1426 2835 Quamprimum
1444 2779 1526 2826 aulem

739 2861 802 2910 lacui
811 2863 1034 2925 appropinquarunt
1044 2868 1068 2913 et
1078 2864 1200 2928 navigium
1210 2868 1363 2915 conscensuri
1373 2871 1455 2929 eraut,
1466 2871 1526 2918 mul·

738 2957 867 3006 titudinem
876 2962 993 3007 armatam
1002 2958 1033 3007 ad
1041 2960 1141 3008 insulam
1150 2961 1355 3011 transmittentem
1365 2964 1525 3024 conspiciunt.

770 3055 815 3101 Vl.
831 3055 887 3108 Quo
898 3053 1042 3101 formidabili
1052 3055 1191 3115 spectaculo
1201 3056 1317 3117 vertigine
1330 3057 1398 3118 quasi
1413 3059 1526 3120 correpti,

739 3136 780 3184 dtu
790 3137 908 3184 steterunt
922 3136 1096 3197 obstupefacti,
1108 3143 1223 3200 tanquam
1238 3151 1287 3200 pra·
1305 3140 1471 3200 magnitudine
1483 3142 1526 3190 do·

741 3221 1007 3270 lorisoccallulssentad
1016 3222 1118 3270 fortunae
1127 3223 1236 3282 injurias,
1248 3224 1282 3272 ita
1293 3223 1344 3273 sine
1353 3225 1528 3276 intermissione

740 3305 764 3353 in
776 3305 830 3354 illos
843 3306 972 3354 sevientis.
1004 3309 1063 3355 Sero
1073 3306 1146 3366 igitur
1158 3306 1257 3355 nudem
1269 3311 1294 3357 et
1303 3309 1476 3369 propemodum
1488 3324 1528 3373 ap

740 3387 885 3451 plicantibus
899 3389 927 3437 iis
937 3389 978 3452 qul
996 3389 1164 3449 adveniebant,
1177 3389 1301 3439 chariclea
1314 3393 1342 3439 nl
1354 3392 1490 3453 refugerent
1504 3398 1528 3442 et
1567 3405 1572 3412 ’

740 3474 810 3522 antro
820 3485 872 3522 sese
880 3472 1054 3522 absconderent
1066 3475 1141 3534 atque
1153 3474 1188 3522 ita
1202 3474 1263 3522 clam
1273 3473 1411 3525 delitescere
1420 3481 1527 3540 possent,

740 3556 838 3618 petebat
849 3571 856 3604 ε
866 3556 988 3619 simulque
998 3557 1048 3619 ipsa
1059 3557 1197 3618 refugiebat.
1231 3558 1479 3620 Atfheagenesillam
1491 3573 1528 3610 rc·

741 3641 831 3690 tlnebat
840 3643 865 3690 el
875 3643 1007 3702 Quousque
1014 3640 1120 3700 tandem,
1129 3640 1234 3700 dicebat,
1243 3640 1362 3703 fugiemus
1371 3643 1455 3703 fatum,
1464 3645 1528 3706 quod

741 3741 784 3776 nos
800 3727 890 3789 ubique
906 3728 1056 3789 insequitur?
1071 3726 1191 3776 cedamus
1209 3727 1312 3777 fortunae
1329 3742 1409 3791 neque
1421 3743 1528 3793 oppona-

741 3825 796 3862 mus
816 3825 859 3860 nos
878 3810 978 3872 impetui
997 3810 1039 3872 qui
1054 3824 1098 3859 nos
1112 3811 1168 3871 agit.
1203 3810 1265 3866 Quid
1280 3811 1359 3865 aliud.
1374 3826 1448 3873 quam
1463 3827 1529 3863 erro·

742 3911 792 3947 rem
802 3895 897 3945 initum
910 3898 934 3944 et
943 3895 1016 3944 vitani
1026 3893 1152 3943 erraticum
1165 3895 1189 3943 et
1198 3893 1316 3944 insultum
1325 3895 1441 3959 austrinis,
1455 3898 1529 3948 alium

742 3984 782 4032 alii
798 3982 981 4040 succedentem,
997 3980 1161 4030 lucrabimur?
1172 3987 1208 4030 An
1221 3994 1268 4030 uon
1279 3982 1360 4040 vides,
1370 3984 1530 4045 quemadmo-

742 4066 799 4114 dum
811 4066 897 4115 ensillo
916 4064 1061 4126 conjungere
1083 4063 1214 4125 piratarum
1229 4063 1355 4113 latrocinia
1375 4070 1399 4114 et
1419 4066 1529 4128 periculis

743 4150 841 4200 marinis
848 4150 918 4210 longe
927 4149 1047 4210 anteriora
1056 4147 1081 4196 in
1091 4147 1223 4196 continenti
1232 4182 1240 4207 ,
1250 4161 1337 4209 magno
1349 4149 1430 4198 studio
1439 4154 1464 4199 et
1475 4164 1531 4200 con·

742 4236 849 4286 tentione
861 4235 965 4284 conflare
979 4235 1088 4283 nitatur?
1098 4234 1163 4283 Bella
1178 4247 1226 4282 non
1242 4234 1275 4282 ila
1290 4235 1383 4296 pridem
1398 4237 1529 4296 excitavit,

743 4322 867 4386 praedones
877 4319 958 4384 paullo
970 4321 1024 4381 post
1036 4318 1138 4367 adduxit
1153 4336 1159 4366 r
1178 4319 1286 4381 captivos
1300 4318 1383 4381 paullo
1398 4322 1453 4368 ante
1468 4320 1529 4367 deti-

743 4393 805 4469 nuit,
812 4414 896 4457 rursus
906 4407 1013 4456 desertos
1020 4405 1117 4454 effecit:
1130 4401 1293 4453 liberationem
1304 4397 1416 4465 et'fugam
1431 4404 1530 4451 liberam

744 4491 904 4557 proposuit,e
922 4488 1022 4550 vestigio
1040 4486 1206 4536 lnterlectores
1217 4486 1334 4535 admovit.
1367 4486 1423 4535 Tale
1439 4483 1530 4535 bellum

743 4578 810 4640 quasi
822 4590 865 4640 per
878 4577 957 4625 lusum
970 4577 1054 4623 contra
1067 4586 1112 4622 nos
1125 4572 1239 4633 suscepit,
1259 4574 1353 4620 nostras
1368 4570 1471 4618 rationes
1482 4584 1529 4620 non

743 4675 812 4711 secus
823 4675 896 4724 quam
910 4673 1005 4710 scenam
1021 4661 1064 4708 aut
1080 4657 1187 4708 fabulam
1202 4658 1383 4718 representans.
1417 4658 1468 4705 cnr
1482 4669 1530 4705 nun

743 4747 815 4808 igitur
830 4745 984 4808 praecidimus
995 4743 1042 4792 hoc
1052 4744 1172 4803 tragicum
1187 4741 1261 4803 ipsius
1274 4740 1397 4801 inceptum
1411 4741 1436 4788 et
1447 4751 1491 4788 nos
1503 4738 1532 4788 iis

720 4872 723 4889 ,
743 4831 786 4892 qul
801 4830 887 4878 volunt
902 4827 1035 4878 interlicere
1046 4825 1180 4875 tradimus?
1192 4837 1231 4885 ne,
1246 4822 1266 4873 sl
1278 4822 1340 4871 forte
1353 4821 1530 4872 intolerandum

720 4900 723 4967 ἶ
744 4914 816 4964 finem
838 4915 925 4964 fabulae
935 4915 1058 4974 imponere
1074 4914 1184 4968 muctar,
1196 4908 1266 4958 nohis
1278 4906 1334 4970 ipsis
1346 4919 1432 4957 manus
1445 4908 1532 4958 alferre

744 5008 822 5063 cogat.

775 5089 828 5135 vll.
846 5085 889 5134 llis
904 5083 976 5133 dietis
995 5096 1043 5132 non
1064 5080 1178 5130 omnihus
1196 5078 1372 5128 assentiebatur
1387 5078 1526 5138 chariclea,

720 5150 724 5205 ί
744 5178 875 5227 Fortunam
888 5171 985 5235 quidem
1003 5172 1067 5233 juste
1078 5169 1108 5220 ab
1123 5169 1164 5220 illu
1184 5167 1294 5219 accusari
1308 5166 1398 5228 dicens,
1420 5172 1528 5218 ceterum
