<?xml version="1.0" encoding="UTF-8"?>
<!DOCTYPE html PUBLIC "-//W3C//DTD XHTML 1.0 Transitional//EN"
    "http://www.w3.org/TR/xhtml1/DTD/xhtml1-transitional.dtd">
<html xmlns="http://www.w3.org/1999/xhtml" xml:lang="en" lang="en">
 <head>
  <title>
</title>
<meta http-equiv="Content-Type" content="text/html;charset=utf-8" />
  <meta name='ocr-system' content='tesseract 3.04.00' />
  <meta name='ocr-capabilities' content='ocr_page ocr_carea ocr_par ocr_line ocrx_word'/>
</head>
<body>
  <div class='ocr_page' id='page_1' title='image "./eroticiscriptor00hirsgoog/eroticiscriptor00hirsgoog_0346.png"; bbox 0 0 3726 5692; ppageno 0'>
   <div class='ocr_carea' id='block_1_1' title="bbox 668 337 1563 402">
    <p class='ocr_par' dir='ltr' id='par_1_1' title="bbox 668 337 1563 402">
     <span class='ocr_line' id='line_1_1' title="bbox 668 337 1563 402; baseline -0.019 -7"><span class='ocrx_word' id='word_1_1' title='bbox 668 337 780 396; x_wconf 83' lang='lat' dir='ltr'><strong>urana</strong></span> <span class='ocrx_word' id='word_1_2' title='bbox 802 337 840 394; x_wconf 90' lang='lat' dir='ltr'><strong>v.</strong></span> <span class='ocrx_word' id='word_1_3' title='bbox 1510 350 1563 402; x_wconf 67' lang='lat'><strong>³„</strong></span> 
     </span>
    </p>
   </div>
   <div class='ocr_carea' id='block_1_2' title="bbox 106 465 1569 990">
    <p class='ocr_par' dir='ltr' id='par_1_2' title="bbox 106 465 1569 990">
     <span class='ocr_line' id='line_1_2' title="bbox 114 465 1569 545; baseline 0.003 -21"><span class='ocrx_word' id='word_1_4' title='bbox 114 467 219 538; x_wconf 78' lang='grc' dir='ltr'>ἡλυάας</span> <span class='ocrx_word' id='word_1_5' title='bbox 230 465 318 545; x_wconf 78' lang='grc' dir='ltr'>ἰσχύος</span> <span class='ocrx_word' id='word_1_6' title='bbox 334 466 525 544; x_wconf 78' lang='grc' dir='ltr'>ἀνεσταλμίνου</span> <span class='ocrx_word' id='word_1_7' title='bbox 538 471 656 543; x_wconf 85' lang='grc' dir='ltr'>ζώματος</span> <span class='ocrx_word' id='word_1_8' title='bbox 668 469 731 526; x_wconf 80' lang='lat' dir='ltr'><strong>irno-</strong></span> <span class='ocrx_word' id='word_1_9' title='bbox 779 490 840 539; x_wconf 78' lang='lat' dir='ltr'><strong>genu</strong></span> <span class='ocrx_word' id='word_1_10' title='bbox 859 474 994 538; x_wconf 77' lang='lat' dir='ltr'><strong>paullulum</strong></span> <span class='ocrx_word' id='word_1_11' title='bbox 1017 474 1156 534; x_wconf 87' lang='lat' dir='ltr'><strong>osteudens,</strong></span> <span class='ocrx_word' id='word_1_12' title='bbox 1179 475 1236 524; x_wconf 86' lang='lat' dir='ltr'><strong>satis</strong></span> <span class='ocrx_word' id='word_1_13' title='bbox 1258 475 1396 539; x_wconf 76' lang='lat' dir='ltr'><strong>apparebat,</strong></span> <span class='ocrx_word' id='word_1_14' title='bbox 1419 491 1475 540; x_wconf 79' lang='lat' dir='ltr'><strong>quae</strong></span> <span class='ocrx_word' id='word_1_15' title='bbox 1496 480 1569 541; x_wconf 86' lang='lat' dir='ltr'><strong>ipsius</strong></span> 
     </span>
     <span class='ocr_line' id='line_1_3' title="bbox 108 553 1569 636; baseline 0.003 -25"><span class='ocrx_word' id='word_1_16' title='bbox 108 559 154 627; x_wconf 80' lang='grc' dir='ltr'><strong>νῆν</strong></span> <span class='ocrx_word' id='word_1_17' title='bbox 174 553 279 630; x_wconf 75' lang='grc' dir='ltr'>μὲντῆς</span> <span class='ocrx_word' id='word_1_18' title='bbox 296 557 411 636; x_wconf 79' lang='grc' dir='ltr'>κεφαλῆς</span> <span class='ocrx_word' id='word_1_19' title='bbox 425 555 628 632; x_wconf 82' lang='grc' dir='ltr'>ἐπικείμενος,ἀ</span> <span class='ocrx_word' id='word_1_20' title='bbox 666 555 733 615; x_wconf 82' lang='grc' dir='ltr'>ίνουν</span> <span class='ocrx_word' id='word_1_21' title='bbox 782 566 853 615; x_wconf 72' lang='lat' dir='ltr'><strong>aelate</strong></span> <span class='ocrx_word' id='word_1_22' title='bbox 865 566 949 626; x_wconf 79' lang='lat' dir='ltr'><strong>vegeta</strong></span> <span class='ocrx_word' id='word_1_23' title='bbox 964 563 1026 613; x_wconf 85' lang='lat' dir='ltr'><strong>vires</strong></span> <span class='ocrx_word' id='word_1_24' title='bbox 1043 564 1158 623; x_wconf 86' lang='lat' dir='ltr'><strong>tuissent;</strong></span> <span class='ocrx_word' id='word_1_25' title='bbox 1178 564 1286 624; x_wconf 74' lang='lat' dir='ltr'><strong>galerum</strong></span> <span class='ocrx_word' id='word_1_26' title='bbox 1306 565 1331 614; x_wconf 89' lang='lat' dir='ltr'><strong>ia</strong></span> <span class='ocrx_word' id='word_1_27' title='bbox 1350 566 1428 627; x_wconf 89' lang='lat' dir='ltr'><strong>capite</strong></span> <span class='ocrx_word' id='word_1_28' title='bbox 1447 579 1530 629; x_wconf 83' lang='lat' dir='ltr'><strong>gerens</strong></span> <span class='ocrx_word' id='word_1_29' title='bbox 1545 570 1569 617; x_wconf 90' lang='lat' dir='ltr'><strong>et</strong></span> 
     </span>
     <span class='ocr_line' id='line_1_4' title="bbox 106 643 1568 723; baseline 0.004 -25"><span class='ocrx_word' id='word_1_30' title='bbox 106 689 107 698; x_wconf 71' lang='grc'>,</span> <span class='ocrx_word' id='word_1_31' title='bbox 124 643 287 723; x_wconf 79' lang='grc' dir='ltr'>πολύτροπον</span> <span class='ocrx_word' id='word_1_32' title='bbox 312 643 551 723; x_wconf 79' lang='grc' dir='ltr'>περισκοπούμενος</span> <span class='ocrx_word' id='word_1_33' title='bbox 572 646 618 701; x_wconf 83' lang='grc' dir='ltr'><strong>καλ</strong></span> <span class='ocrx_word' id='word_1_34' title='bbox 637 668 650 702; x_wconf 93' lang='grc' dir='ltr'>ο</span> <span class='ocrx_word' id='word_1_35' title='bbox 662 668 689 702; x_wconf 96' lang='grc' dir='ltr'><strong>ον</strong></span> <span class='ocrx_word' id='word_1_36' title='bbox 704 646 733 703; x_wconf 84' lang='grc' dir='ltr'><strong>ἐκ</strong></span> <span class='ocrx_word' id='word_1_37' title='bbox 779 651 922 716; x_wconf 84' lang='lat' dir='ltr'><strong>sapientiam</strong></span> <span class='ocrx_word' id='word_1_38' title='bbox 933 665 962 700; x_wconf 88' lang='lat' dir='ltr'><strong>ac</strong></span> <span class='ocrx_word' id='word_1_39' title='bbox 971 651 1102 701; x_wconf 81' lang='lat' dir='ltr'><strong>versutiam</strong></span> <span class='ocrx_word' id='word_1_40' title='bbox 1114 650 1228 713; x_wconf 86' lang='lat' dir='ltr'><strong>adspectu</strong></span> <span class='ocrx_word' id='word_1_41' title='bbox 1241 651 1366 702; x_wconf 87' lang='lat' dir='ltr'><strong>declarans</strong></span> <span class='ocrx_word' id='word_1_42' title='bbox 1372 655 1396 702; x_wconf 89' lang='lat' dir='ltr'><strong>et</strong></span> <span class='ocrx_word' id='word_1_43' title='bbox 1407 656 1524 716; x_wconf 82' lang='lat' dir='ltr'><strong>tauquam</strong></span> <span class='ocrx_word' id='word_1_44' title='bbox 1538 669 1568 705; x_wconf 80' lang='lat' dir='ltr'><strong>ex</strong></span> 
     </span>
     <span class='ocr_line' id='line_1_5' title="bbox 106 731 1568 814; baseline 0.001 -23"><span class='ocrx_word' id='word_1_45' title='bbox 106 755 130 800; x_wconf 90' lang='grc' dir='ltr'><strong>ος</strong></span> <span class='ocrx_word' id='word_1_46' title='bbox 144 731 228 811; x_wconf 71' lang='grc' dir='ltr'>μηρὸν</span> <span class='ocrx_word' id='word_1_47' title='bbox 241 731 369 800; x_wconf 79' lang='grc' dir='ltr'>σκάζοντα</span> <span class='ocrx_word' id='word_1_48' title='bbox 383 731 533 814; x_wconf 76' lang='grc' dir='ltr'><strong>παρέλκων.</strong></span> <span class='ocrx_word' id='word_1_49' title='bbox 580 731 734 804; x_wconf 88' lang='grc' dir='ltr'>Πλησιάσας</span> <span class='ocrx_word' id='word_1_50' title='bbox 780 738 881 787; x_wconf 83' lang='lat' dir='ltr'><strong>vulnere</strong></span> <span class='ocrx_word' id='word_1_51' title='bbox 900 736 981 799; x_wconf 89' lang='lat' dir='ltr'><strong>aliquo</strong></span> <span class='ocrx_word' id='word_1_52' title='bbox 1001 739 1079 786; x_wconf 86' lang='lat' dir='ltr'><strong>lemur</strong></span> <span class='ocrx_word' id='word_1_53' title='bbox 1096 737 1232 788; x_wconf 74' lang='lat' dir='ltr'><strong>claudicans</strong></span> <span class='ocrx_word' id='word_1_54' title='bbox 1252 743 1306 802; x_wconf 90' lang='lat' dir='ltr'><strong>post</strong></span> <span class='ocrx_word' id='word_1_55' title='bbox 1321 754 1348 791; x_wconf 87' lang='lat' dir='ltr'><strong>se</strong></span> <span class='ocrx_word' id='word_1_56' title='bbox 1366 741 1472 791; x_wconf 70' lang='lat' dir='ltr'><strong>trabeas,</strong></span> <span class='ocrx_word' id='word_1_57' title='bbox 1506 747 1568 793; x_wconf 86' lang='lat' dir='ltr'><strong>cum</strong></span> 
     </span>
     <span class='ocr_line' id='line_1_6' title="bbox 112 811 1568 902; baseline 0.001 -23"><span class='ocrx_word' id='word_1_58' title='bbox 112 820 221 901; x_wconf 82' lang='grc' dir='ltr'>σεσηράς</span> <span class='ocrx_word' id='word_1_59' title='bbox 235 843 261 877; x_wconf 94' lang='grc' dir='ltr'><strong>τι</strong></span> <span class='ocrx_word' id='word_1_60' title='bbox 276 819 428 897; x_wconf 77' lang='grc' dir='ltr'>μειδιάσας,</span> <span class='ocrx_word' id='word_1_61' title='bbox 441 811 481 879; x_wconf 82' lang='grc' dir='ltr'>Ὦ</span> <span class='ocrx_word' id='word_1_62' title='bbox 503 819 648 897; x_wconf 77' lang='grc' dir='ltr'>θαυμάσιε,</span> <span class='ocrx_word' id='word_1_63' title='bbox 666 820 733 902; x_wconf 83' lang='grc' dir='ltr'>ἔφη,</span> <span class='ocrx_word' id='word_1_64' title='bbox 780 826 853 889; x_wconf 78' lang='lat' dir='ltr'><strong>igitur</strong></span> <span class='ocrx_word' id='word_1_65' title='bbox 872 825 903 875; x_wconf 88' lang='lat' dir='ltr'><strong>ad</strong></span> <span class='ocrx_word' id='word_1_66' title='bbox 925 839 965 875; x_wconf 92' lang='lat' dir='ltr'><strong>me</strong></span> <span class='ocrx_word' id='word_1_67' title='bbox 986 827 1084 889; x_wconf 88' lang='lat' dir='ltr'><strong>propius</strong></span> <span class='ocrx_word' id='word_1_68' title='bbox 1097 827 1248 888; x_wconf 71' lang='lat' dir='ltr'><strong>aecoesiaset,</strong></span> <span class='ocrx_word' id='word_1_69' title='bbox 1269 831 1294 878; x_wconf 88' lang='lat' dir='ltr'><strong>et</strong></span> <span class='ocrx_word' id='word_1_70' title='bbox 1308 829 1394 879; x_wconf 91' lang='lat' dir='ltr'><strong>minaci</strong></span> <span class='ocrx_word' id='word_1_71' title='bbox 1415 832 1463 879; x_wconf 91' lang='lat' dir='ltr'><strong>oris</strong></span> <span class='ocrx_word' id='word_1_72' title='bbox 1483 831 1568 881; x_wconf 87' lang='lat' dir='ltr'><strong>babitu</strong></span> 
     </span>
     <span class='ocr_line' id='line_1_7' title="bbox 106 906 1569 990; baseline 0.001 -24"><span class='ocrx_word' id='word_1_73' title='bbox 106 909 152 974; x_wconf 77' lang='lat' dir='ltr'><strong>:io</strong></span> <span class='ocrx_word' id='word_1_74' title='bbox 167 906 268 974; x_wconf 77' lang='grc' dir='ltr'>οὐδενὸς</span> <span class='ocrx_word' id='word_1_75' title='bbox 282 906 400 990; x_wconf 86' lang='grc' dir='ltr'>[λόγου]</span> <span class='ocrx_word' id='word_1_76' title='bbox 416 907 489 988; x_wconf 79' lang='grc' dir='ltr'>μέρει</span> <span class='ocrx_word' id='word_1_77' title='bbox 501 908 614 968; x_wconf 87' lang='grc' dir='ltr'>τέθειοαι</span> <span class='ocrx_word' id='word_1_78' title='bbox 629 907 662 966; x_wconf 85' lang='grc' dir='ltr'><strong>τά</strong></span> <span class='ocrx_word' id='word_1_79' title='bbox 677 909 734 967; x_wconf 87' lang='grc' dir='ltr'>καθ’</span> <span class='ocrx_word' id='word_1_80' title='bbox 780 913 916 964; x_wconf 78' lang='lat' dir='ltr'><strong>subrisisset</strong></span> <span class='ocrx_word' id='word_1_81' title='bbox 934 930 940 959; x_wconf 86' lang='grc' dir='ltr'><strong>ι</strong></span> <span class='ocrx_word' id='word_1_82' title='bbox 955 917 976 963; x_wconf 96' lang='lat'>0</span> <span class='ocrx_word' id='word_1_83' title='bbox 990 915 1113 976; x_wconf 80' lang='lat' dir='ltr'><strong>praeclare,</strong></span> <span class='ocrx_word' id='word_1_84' title='bbox 1128 915 1215 978; x_wconf 89' lang='lat' dir='ltr'><strong>inquit,</strong></span> <span class='ocrx_word' id='word_1_85' title='bbox 1228 917 1254 964; x_wconf 89' lang='lat' dir='ltr'><strong>tu</strong></span> <span class='ocrx_word' id='word_1_86' title='bbox 1269 928 1328 964; x_wconf 80' lang='lat' dir='ltr'><strong>sero</strong></span> <span class='ocrx_word' id='word_1_87' title='bbox 1343 917 1435 966; x_wconf 88' lang='lat' dir='ltr'><strong>nullam</strong></span> <span class='ocrx_word' id='word_1_88' title='bbox 1451 919 1569 968; x_wconf 82' lang='lat' dir='ltr'><strong>rationem</strong></span> 
     </span>
    </p>
   </div>
   <div class='ocr_carea' id='block_1_3' title="bbox 105 993 1643 4271">
    <p class='ocr_par' dir='ltr' id='par_1_3' title="bbox 105 993 1643 4271">
     <span class='ocr_line' id='line_1_8' title="bbox 106 993 1569 1076; baseline 0.002 -24"><span class='ocrx_word' id='word_1_89' title='bbox 106 993 128 1052; x_wconf 75' lang='grc' dir='ltr'><strong>,άι</strong></span> <span class='ocrx_word' id='word_1_90' title='bbox 150 995 255 1053; x_wconf 86' lang='grc' dir='ltr'>πάντων</span> <span class='ocrx_word' id='word_1_91' title='bbox 274 997 329 1054; x_wconf 78' lang='grc' dir='ltr'>ὅσοι</span> <span class='ocrx_word' id='word_1_92' title='bbox 344 995 375 1065; x_wconf 82' lang='grc' dir='ltr'><strong>δὴ</strong></span> <span class='ocrx_word' id='word_1_93' title='bbox 398 996 445 1067; x_wconf 75' lang='grc' dir='ltr'><strong>τὴν</strong></span> <span class='ocrx_word' id='word_1_94' title='bbox 469 996 631 1076; x_wconf 82' lang='grc' dir='ltr'>Κεφαλήνων</span> <span class='ocrx_word' id='word_1_95' title='bbox 648 995 735 1075; x_wconf 76' lang='grc' dir='ltr'>παρέ·</span> <span class='ocrx_word' id='word_1_96' title='bbox 781 1002 856 1051; x_wconf 88' lang='lat' dir='ltr'><strong>nostri</strong></span> <span class='ocrx_word' id='word_1_97' title='bbox 870 1002 988 1062; x_wconf 83' lang='lat' dir='ltr'><strong>habuisti,</strong></span> <span class='ocrx_word' id='word_1_98' title='bbox 1001 1003 1043 1052; x_wconf 89' lang='lat' dir='ltr'><strong>sed</strong></span> <span class='ocrx_word' id='word_1_99' title='bbox 1054 1003 1120 1053; x_wconf 85' lang='lat' dir='ltr'><strong>solus</strong></span> <span class='ocrx_word' id='word_1_100' title='bbox 1134 1016 1166 1053; x_wconf 84' lang='lat' dir='ltr'><strong>ex</strong></span> <span class='ocrx_word' id='word_1_101' title='bbox 1179 1003 1308 1065; x_wconf 82' lang='lat' dir='ltr'><strong>aturribus,</strong></span> <span class='ocrx_word' id='word_1_102' title='bbox 1326 1006 1464 1068; x_wconf 86' lang='lat' dir='ltr'><strong>quicunque</strong></span> <span class='ocrx_word' id='word_1_103' title='bbox 1477 1007 1569 1068; x_wconf 81' lang='lat' dir='ltr'><strong>cepta-</strong></span> 
     </span>
     <span class='ocr_line' id='line_1_9' title="bbox 106 1073 1569 1165; baseline 0.002 -24"><span class='ocrx_word' id='word_1_104' title='bbox 106 1073 161 1141; x_wconf 77' lang='grc' dir='ltr'>θαόν</span> <span class='ocrx_word' id='word_1_105' title='bbox 184 1094 213 1141; x_wconf 84' lang='grc' dir='ltr'><strong>τε</strong></span> <span class='ocrx_word' id='word_1_106' title='bbox 233 1082 278 1141; x_wconf 85' lang='grc' dir='ltr'><strong>τὸν</strong></span> <span class='ocrx_word' id='word_1_107' title='bbox 301 1082 427 1165; x_wconf 76' lang='grc' dir='ltr'>ἡμέτερον</span> <span class='ocrx_word' id='word_1_108' title='bbox 450 1083 667 1165; x_wconf 73' lang='grc' dir='ltr'>ἐπισκεψαμὲνων</span> <span class='ocrx_word' id='word_1_109' title='bbox 691 1083 736 1143; x_wconf 83' lang='grc' dir='ltr'><strong>καλ</strong></span> <span class='ocrx_word' id='word_1_110' title='bbox 782 1090 853 1141; x_wconf 88' lang='lat' dir='ltr'><strong>leuen</strong></span> <span class='ocrx_word' id='word_1_111' title='bbox 869 1090 1101 1154; x_wconf 80' lang='lat' dir='ltr'><strong>praeternavigarunt</strong></span> <span class='ocrx_word' id='word_1_112' title='bbox 1119 1094 1144 1141; x_wconf 96' lang='lat' dir='ltr'><strong>et</strong></span> <span class='ocrx_word' id='word_1_113' title='bbox 1164 1093 1271 1142; x_wconf 88' lang='lat' dir='ltr'><strong>nostram</strong></span> <span class='ocrx_word' id='word_1_114' title='bbox 1291 1092 1392 1142; x_wconf 90' lang='lat' dir='ltr'><strong>domum</strong></span> <span class='ocrx_word' id='word_1_115' title='bbox 1412 1095 1569 1156; x_wconf 84' lang='lat' dir='ltr'><strong>contemplati</strong></span> 
     </span>
     <span class='ocr_line' id='line_1_10' title="bbox 106 1170 1568 1252; baseline 0.003 -24"><span class='ocrx_word' id='word_1_116' title='bbox 106 1195 143 1230; x_wconf 80' lang='grc' dir='ltr'><strong>ναι</strong></span> <span class='ocrx_word' id='word_1_117' title='bbox 156 1170 204 1242; x_wconf 79' lang='grc' dir='ltr'><strong>τὴν</strong></span> <span class='ocrx_word' id='word_1_118' title='bbox 226 1170 356 1251; x_wconf 76' lang='grc' dir='ltr'>ἡμετέραν</span> <span class='ocrx_word' id='word_1_119' title='bbox 371 1174 398 1230; x_wconf 88' lang='grc' dir='ltr'><strong>ἐν</strong></span> <span class='ocrx_word' id='word_1_120' title='bbox 413 1175 514 1252; x_wconf 79' lang='grc' dir='ltr'>σπουδῇ</span> <span class='ocrx_word' id='word_1_121' title='bbox 529 1172 662 1250; x_wconf 80' lang='grc' dir='ltr'>θεμένων,</span> <span class='ocrx_word' id='word_1_122' title='bbox 686 1174 735 1230; x_wconf 80' lang='grc' dir='ltr'><strong>αὖ·</strong></span> <span class='ocrx_word' id='word_1_123' title='bbox 781 1182 847 1242; x_wconf 85' lang='lat' dir='ltr'><strong>sunt,</strong></span> <span class='ocrx_word' id='word_1_124' title='bbox 869 1181 1018 1244; x_wconf 78' lang='lat' dir='ltr'><strong>gloriamque</strong></span> <span class='ocrx_word' id='word_1_125' title='bbox 1032 1183 1140 1230; x_wconf 86' lang='lat' dir='ltr'><strong>nostram</strong></span> <span class='ocrx_word' id='word_1_126' title='bbox 1155 1193 1299 1243; x_wconf 81' lang='lat' dir='ltr'><strong>cognoscere</strong></span> <span class='ocrx_word' id='word_1_127' title='bbox 1313 1183 1395 1245; x_wconf 81' lang='lat' dir='ltr'><strong>magui</strong></span> <span class='ocrx_word' id='word_1_128' title='bbox 1408 1184 1568 1244; x_wconf 87' lang='lat' dir='ltr'><strong>aestimarunt,</strong></span> 
     </span>
     <span class='ocr_line' id='line_1_11' title="bbox 115 1257 1569 1340; baseline 0.001 -21"><span class='ocrx_word' id='word_1_129' title='bbox 115 1257 248 1340; x_wconf 78' lang='grc' dir='ltr'>ὀλιγώρως</span> <span class='ocrx_word' id='word_1_130' title='bbox 263 1260 394 1340; x_wconf 72' lang='grc' dir='ltr'>ἔσχηκας,</span> <span class='ocrx_word' id='word_1_131' title='bbox 419 1264 453 1327; x_wconf 87' lang='grc' dir='ltr'>ὡς</span> <span class='ocrx_word' id='word_1_132' title='bbox 468 1259 535 1336; x_wconf 82' lang='grc' dir='ltr'>μηδὲ</span> <span class='ocrx_word' id='word_1_133' title='bbox 558 1265 634 1320; x_wconf 81' lang='grc' dir='ltr'>τοῦτο</span> <span class='ocrx_word' id='word_1_134' title='bbox 654 1259 686 1331; x_wconf 73' lang='grc' dir='ltr'><strong>δὴ</strong></span> <span class='ocrx_word' id='word_1_135' title='bbox 706 1260 736 1318; x_wconf 88' lang='grc' dir='ltr'><strong>τὸ</strong></span> <span class='ocrx_word' id='word_1_136' title='bbox 781 1269 841 1319; x_wconf 90' lang='lat' dir='ltr'><strong>adeo</strong></span> <span class='ocrx_word' id='word_1_137' title='bbox 853 1282 898 1318; x_wconf 86' lang='lat' dir='ltr'><strong>nos</strong></span> <span class='ocrx_word' id='word_1_138' title='bbox 911 1268 1073 1330; x_wconf 80' lang='lat' dir='ltr'><strong>mntemaisli,</strong></span> <span class='ocrx_word' id='word_1_139' title='bbox 1087 1271 1117 1319; x_wconf 92' lang='lat' dir='ltr'><strong>ut</strong></span> <span class='ocrx_word' id='word_1_140' title='bbox 1136 1282 1223 1331; x_wconf 87' lang='lat' dir='ltr'><strong>neque,</strong></span> <span class='ocrx_word' id='word_1_141' title='bbox 1237 1270 1301 1333; x_wconf 91' lang='lat' dir='ltr'><strong>quod</strong></span> <span class='ocrx_word' id='word_1_142' title='bbox 1318 1271 1418 1333; x_wconf 77' lang='lat' dir='ltr'><strong>vulgare</strong></span> <span class='ocrx_word' id='word_1_143' title='bbox 1435 1273 1485 1332; x_wconf 79' lang='lat' dir='ltr'><strong>ost,</strong></span> <span class='ocrx_word' id='word_1_144' title='bbox 1505 1273 1569 1320; x_wconf 91' lang='lat' dir='ltr'><strong>salu·</strong></span> 
     </span>
     <span class='ocr_line' id='line_1_12' title="bbox 106 1347 1569 1428; baseline 0.001 -21"><span class='ocrx_word' id='word_1_145' title='bbox 106 1357 215 1420; x_wconf 84' lang='grc' dir='ltr'>ιεισεῖν,</span> <span class='ocrx_word' id='word_1_146' title='bbox 236 1352 267 1409; x_wconf 79' lang='grc' dir='ltr'><strong>ἐκ</strong></span> <span class='ocrx_word' id='word_1_147' title='bbox 287 1347 409 1428; x_wconf 88' lang='grc' dir='ltr'>γειτόνων</span> <span class='ocrx_word' id='word_1_148' title='bbox 432 1349 478 1407; x_wconf 77' lang='grc' dir='ltr'><strong>καὶ</strong></span> <span class='ocrx_word' id='word_1_149' title='bbox 501 1353 576 1407; x_wconf 84' lang='grc' dir='ltr'>ταῦτ’</span> <span class='ocrx_word' id='word_1_150' title='bbox 600 1351 733 1410; x_wconf 77' lang='grc' dir='ltr'>οἰκοῦντα.</span> <span class='ocrx_word' id='word_1_151' title='bbox 781 1358 886 1420; x_wconf 78' lang='lat' dir='ltr'><strong>taretia,</strong></span> <span class='ocrx_word' id='word_1_152' title='bbox 902 1357 1072 1421; x_wconf 84' lang='lat' dir='ltr'><strong>praesertlmin</strong></span> <span class='ocrx_word' id='word_1_153' title='bbox 1090 1357 1177 1407; x_wconf 83' lang='lat' dir='ltr'><strong>ricinia</strong></span> <span class='ocrx_word' id='word_1_154' title='bbox 1189 1358 1346 1408; x_wconf 85' lang='lat' dir='ltr'><strong>habitantem.</strong></span> <span class='ocrx_word' id='word_1_155' title='bbox 1379 1364 1415 1409; x_wconf 80' lang='lat' dir='ltr'><strong>Ac</strong></span> <span class='ocrx_word' id='word_1_156' title='bbox 1432 1362 1457 1409; x_wconf 90' lang='lat' dir='ltr'><strong>tu</strong></span> <span class='ocrx_word' id='word_1_157' title='bbox 1471 1359 1569 1423; x_wconf 88' lang='lat' dir='ltr'><strong>quidem</strong></span> 
     </span>
     <span class='ocr_line' id='line_1_13' title="bbox 106 1435 1570 1519; baseline 0.003 -27"><span class='ocrx_word' id='word_1_158' title='bbox 106 1460 119 1494; x_wconf 80' lang='lat' dir='ltr'><strong>a</strong></span> <span class='ocrx_word' id='word_1_159' title='bbox 140 1435 239 1496; x_wconf 79' lang='grc' dir='ltr'>τούτων</span> <span class='ocrx_word' id='word_1_160' title='bbox 261 1437 358 1518; x_wconf 79' lang='grc' dir='ltr'>ὑφέξεις</span> <span class='ocrx_word' id='word_1_161' title='bbox 372 1440 419 1496; x_wconf 87' lang='grc' dir='ltr'>οὐκ</span> <span class='ocrx_word' id='word_1_162' title='bbox 430 1441 466 1503; x_wconf 89' lang='grc' dir='ltr'><strong>εἷς</strong></span> <span class='ocrx_word' id='word_1_163' title='bbox 480 1437 585 1519; x_wconf 81' lang='grc' dir='ltr'>μακράν</span> <span class='ocrx_word' id='word_1_164' title='bbox 599 1437 647 1510; x_wconf 72' lang='grc' dir='ltr'><strong>τὴν</strong></span> <span class='ocrx_word' id='word_1_165' title='bbox 662 1436 736 1510; x_wconf 84' lang='grc' dir='ltr'>δίκην</span> <span class='ocrx_word' id='word_1_166' title='bbox 782 1446 870 1497; x_wconf 88' lang='lat' dir='ltr'><strong>borum</strong></span> <span class='ocrx_word' id='word_1_167' title='bbox 881 1460 930 1496; x_wconf 91' lang='lat' dir='ltr'><strong>non</strong></span> <span class='ocrx_word' id='word_1_168' title='bbox 942 1447 1020 1497; x_wconf 90' lang='lat' dir='ltr'><strong>multo</strong></span> <span class='ocrx_word' id='word_1_169' title='bbox 1031 1448 1085 1508; x_wconf 86' lang='lat' dir='ltr'><strong>post</strong></span> <span class='ocrx_word' id='word_1_170' title='bbox 1098 1447 1150 1496; x_wconf 86' lang='lat' dir='ltr'><strong>lues</strong></span> <span class='ocrx_word' id='word_1_171' title='bbox 1163 1459 1247 1509; x_wconf 85' lang='lat' dir='ltr'><strong>poenaa</strong></span> <span class='ocrx_word' id='word_1_172' title='bbox 1257 1449 1282 1498; x_wconf 89' lang='lat' dir='ltr'><strong>et</strong></span> <span class='ocrx_word' id='word_1_173' title='bbox 1295 1447 1383 1497; x_wconf 88' lang='lat' dir='ltr'><strong>senties</strong></span> <span class='ocrx_word' id='word_1_174' title='bbox 1395 1448 1491 1498; x_wconf 86' lang='lat' dir='ltr'><strong>eosdem</strong></span> <span class='ocrx_word' id='word_1_175' title='bbox 1499 1461 1570 1498; x_wconf 84' lang='lat' dir='ltr'><strong>casua</strong></span> 
     </span>
     <span class='ocr_line' id='line_1_14' title="bbox 106 1524 1570 1608; baseline 0.001 -24"><span class='ocrx_word' id='word_1_176' title='bbox 106 1524 173 1585; x_wconf 78' lang='grc' dir='ltr'>,σίων</span> <span class='ocrx_word' id='word_1_177' title='bbox 187 1526 246 1602; x_wconf 79' lang='grc' dir='ltr'>ἐμοὶ</span> <span class='ocrx_word' id='word_1_178' title='bbox 259 1530 350 1585; x_wconf 85' lang='grc' dir='ltr'>παθῶν</span> <span class='ocrx_word' id='word_1_179' title='bbox 366 1525 496 1608; x_wconf 69' lang='grc' dir='ltr'>αἰσθήσῃ,</span> <span class='ocrx_word' id='word_1_180' title='bbox 509 1527 627 1608; x_wconf 82' lang='grc' dir='ltr'>θαλάττῃ</span> <span class='ocrx_word' id='word_1_181' title='bbox 640 1530 664 1585; x_wconf 84' lang='grc' dir='ltr'><strong>θ’</strong></span> <span class='ocrx_word' id='word_1_182' title='bbox 678 1525 736 1603; x_wconf 74' lang='lat' dir='ltr'><strong>ipa</strong></span> <span class='ocrx_word' id='word_1_183' title='bbox 782 1538 807 1586; x_wconf 90' lang='lat' dir='ltr'><strong>et</strong></span> <span class='ocrx_word' id='word_1_184' title='bbox 816 1537 973 1596; x_wconf 77' lang='lat' dir='ltr'><strong>calamitates,</strong></span> <span class='ocrx_word' id='word_1_185' title='bbox 983 1548 1043 1598; x_wconf 85' lang='lat' dir='ltr'><strong>quas</strong></span> <span class='ocrx_word' id='word_1_186' title='bbox 1051 1549 1159 1599; x_wconf 74' lang='grc' dir='ltr'>εςοουιιι</span> <span class='ocrx_word' id='word_1_187' title='bbox 1168 1537 1300 1599; x_wconf 85' lang='lat' dir='ltr'><strong>expertus,</strong></span> <span class='ocrx_word' id='word_1_188' title='bbox 1313 1537 1412 1586; x_wconf 88' lang='lat' dir='ltr'><strong>mariae</strong></span> <span class='ocrx_word' id='word_1_189' title='bbox 1423 1539 1487 1586; x_wconf 89' lang='lat' dir='ltr'><strong>terra</strong></span> <span class='ocrx_word' id='word_1_190' title='bbox 1498 1537 1570 1586; x_wconf 90' lang='lat' dir='ltr'><strong>simul</strong></span> 
     </span>
     <span class='ocr_line' id='line_1_15' title="bbox 106 1613 1571 1695; baseline 0.001 -21"><span class='ocrx_word' id='word_1_191' title='bbox 106 1613 372 1695; x_wconf 77' lang='grc' dir='ltr'>εμίοιςέντυγχάνων.</span> <span class='ocrx_word' id='word_1_192' title='bbox 415 1617 473 1687; x_wconf 78' lang='grc' dir='ltr'><strong>Τὴν</strong></span> <span class='ocrx_word' id='word_1_193' title='bbox 485 1615 565 1695; x_wconf 80' lang='grc' dir='ltr'>κόρην</span> <span class='ocrx_word' id='word_1_194' title='bbox 578 1617 601 1675; x_wconf 79' lang='grc' dir='ltr'><strong>δ’</strong></span> <span class='ocrx_word' id='word_1_195' title='bbox 610 1616 642 1688; x_wconf 81' lang='grc' dir='ltr'><strong>ἣν</strong></span> <span class='ocrx_word' id='word_1_196' title='bbox 656 1614 736 1695; x_wconf 84' lang='grc' dir='ltr'>άγεις,</span> <span class='ocrx_word' id='word_1_197' title='bbox 782 1624 1028 1675; x_wconf 83' lang='lat' dir='ltr'><strong>inbostasineidens.</strong></span> <span class='ocrx_word' id='word_1_198' title='bbox 1061 1624 1184 1687; x_wconf 77' lang='lat' dir='ltr'><strong>Virginem</strong></span> <span class='ocrx_word' id='word_1_199' title='bbox 1197 1635 1342 1688; x_wconf 77' lang='lat' dir='ltr'><strong>veroquam</strong></span> <span class='ocrx_word' id='word_1_200' title='bbox 1355 1626 1496 1676; x_wconf 87' lang='lat' dir='ltr'><strong>ducismeae</strong></span> <span class='ocrx_word' id='word_1_201' title='bbox 1511 1639 1571 1675; x_wconf 88' lang='lat' dir='ltr'><strong>con·</strong></span> 
     </span>
     <span class='ocr_line' id='line_1_16' title="bbox 106 1702 1572 1785; baseline 0.003 -25"><span class='ocrx_word' id='word_1_202' title='bbox 106 1708 161 1781; x_wconf 75' lang='grc' dir='ltr'>Ϊμῆς</span> <span class='ocrx_word' id='word_1_203' title='bbox 178 1708 295 1782; x_wconf 73' lang='grc' dir='ltr'>γαμετῆς</span> <span class='ocrx_word' id='word_1_204' title='bbox 309 1704 454 1784; x_wconf 81' lang='grc' dir='ltr'>πρόσειπε,</span> <span class='ocrx_word' id='word_1_205' title='bbox 480 1704 582 1784; x_wconf 78' lang='grc' dir='ltr'>χαίρειν</span> <span class='ocrx_word' id='word_1_206' title='bbox 598 1702 648 1785; x_wconf 82' lang='grc' dir='ltr'><strong>γάρ</strong></span> <span class='ocrx_word' id='word_1_207' title='bbox 670 1705 736 1784; x_wconf 81' lang='grc' dir='ltr'>αὐτῇ</span> <span class='ocrx_word' id='word_1_208' title='bbox 780 1713 843 1777; x_wconf 83' lang='lat' dir='ltr'><strong>jugis</strong></span> <span class='ocrx_word' id='word_1_209' title='bbox 863 1715 961 1763; x_wconf 88' lang='lat' dir='ltr'><strong>nomina</strong></span> <span class='ocrx_word' id='word_1_210' title='bbox 979 1713 1111 1775; x_wconf 85' lang='lat' dir='ltr'><strong>alloquere.</strong></span> <span class='ocrx_word' id='word_1_211' title='bbox 1143 1712 1239 1763; x_wconf 87' lang='lat' dir='ltr'><strong>Salutat</strong></span> <span class='ocrx_word' id='word_1_212' title='bbox 1258 1712 1341 1773; x_wconf 83' lang='lat' dir='ltr'><strong>illam,</strong></span> <span class='ocrx_word' id='word_1_213' title='bbox 1363 1714 1429 1776; x_wconf 90' lang='lat' dir='ltr'><strong>quod</strong></span> <span class='ocrx_word' id='word_1_214' title='bbox 1453 1713 1572 1776; x_wconf 76' lang='lat' dir='ltr'><strong>imprimis</strong></span> 
     </span>
     <span class='ocr_line' id='line_1_17' title="bbox 106 1790 1571 1873; baseline 0.003 -24"><span class='ocrx_word' id='word_1_215' title='bbox 106 1816 113 1849; x_wconf 86' lang='grc' dir='ltr'><strong>ι</strong></span> <span class='ocrx_word' id='word_1_216' title='bbox 127 1791 233 1849; x_wconf 84' lang='grc' dir='ltr'>πάντων</span> <span class='ocrx_word' id='word_1_217' title='bbox 251 1791 406 1872; x_wconf 76' lang='grc' dir='ltr'>ἰσίπροοθεν</span> <span class='ocrx_word' id='word_1_218' title='bbox 429 1792 486 1870; x_wconf 90' lang='grc' dir='ltr'>άγει</span> <span class='ocrx_word' id='word_1_219' title='bbox 505 1791 553 1864; x_wconf 74' lang='grc' dir='ltr'><strong>τὴν</strong></span> <span class='ocrx_word' id='word_1_220' title='bbox 567 1790 737 1873; x_wconf 70' lang='grc' dir='ltr'>σωφροσύνην</span> <span class='ocrx_word' id='word_1_221' title='bbox 782 1803 847 1853; x_wconf 87' lang='lat' dir='ltr'><strong>colat</strong></span> <span class='ocrx_word' id='word_1_222' title='bbox 859 1805 884 1853; x_wconf 89' lang='lat' dir='ltr'><strong>et</strong></span> <span class='ocrx_word' id='word_1_223' title='bbox 896 1803 1010 1852; x_wconf 86' lang='lat' dir='ltr'><strong>omnibus</strong></span> <span class='ocrx_word' id='word_1_224' title='bbox 1023 1802 1096 1853; x_wconf 85' lang='lat' dir='ltr'><strong>rebus</strong></span> <span class='ocrx_word' id='word_1_225' title='bbox 1105 1804 1222 1851; x_wconf 81' lang='lat' dir='ltr'><strong>anteierat</strong></span> <span class='ocrx_word' id='word_1_226' title='bbox 1234 1803 1384 1863; x_wconf 82' lang='lat' dir='ltr'><strong>castitatem,</strong></span> <span class='ocrx_word' id='word_1_227' title='bbox 1399 1803 1521 1866; x_wconf 81' lang='lat' dir='ltr'><strong>finemque</strong></span> <span class='ocrx_word' id='word_1_228' title='bbox 1536 1805 1571 1854; x_wconf 86' lang='lat' dir='ltr'><strong>ilii</strong></span> 
     </span>
     <span class='ocr_line' id='line_1_18' title="bbox 106 1879 1571 1959; baseline 0.003 -23"><span class='ocrx_word' id='word_1_229' title='bbox 106 1881 162 1957; x_wconf 81' lang='grc' dir='ltr'>ιθτῇ</span> <span class='ocrx_word' id='word_1_230' title='bbox 177 1879 259 1948; x_wconf 80' lang='grc' dir='ltr'>δεξιὸν</span> <span class='ocrx_word' id='word_1_231' title='bbox 274 1881 479 1959; x_wconf 79' lang='grc' dir='ltr'>εὐαγγελίζεται.</span> <span class='ocrx_word' id='word_1_232' title='bbox 522 1880 674 1956; x_wconf 82' lang='grc' dir='ltr'>Ἀνηλάμην</span> <span class='ocrx_word' id='word_1_233' title='bbox 687 1879 737 1939; x_wconf 77' lang='grc' dir='ltr'><strong>ὑπὸ</strong></span> <span class='ocrx_word' id='word_1_234' title='bbox 782 1905 924 1955; x_wconf 87' lang='lat' dir='ltr'><strong>prosperum</strong></span> <span class='ocrx_word' id='word_1_235' title='bbox 942 1905 972 1941; x_wconf 88' lang='lat' dir='ltr'><strong>ac</strong></span> <span class='ocrx_word' id='word_1_236' title='bbox 987 1890 1081 1941; x_wconf 86' lang='lat' dir='ltr'><strong>telicem</strong></span> <span class='ocrx_word' id='word_1_237' title='bbox 1094 1891 1231 1941; x_wconf 90' lang='lat' dir='ltr'><strong>annuntiat.</strong></span> <span class='ocrx_word' id='word_1_238' title='bbox 1263 1891 1374 1954; x_wconf 90' lang='lat' dir='ltr'><strong>Proripui</strong></span> <span class='ocrx_word' id='word_1_239' title='bbox 1389 1904 1444 1952; x_wconf 92' lang='lat' dir='ltr'><strong>me,</strong></span> <span class='ocrx_word' id='word_1_240' title='bbox 1464 1905 1514 1955; x_wconf 89' lang='lat' dir='ltr'><strong>prae</strong></span> <span class='ocrx_word' id='word_1_241' title='bbox 1533 1892 1571 1941; x_wconf 86' lang='lat' dir='ltr'><strong>vi·</strong></span> 
     </span>
     <span class='ocr_line' id='line_1_19' title="bbox 106 1968 1571 2047; baseline 0.001 -20"><span class='ocrx_word' id='word_1_242' title='bbox 106 1968 278 2047; x_wconf 81' lang='grc' dir='ltr'>παλλάμενος·</span> <span class='ocrx_word' id='word_1_243' title='bbox 300 1971 345 2028; x_wconf 83' lang='grc' dir='ltr'><strong>καλ</strong></span> <span class='ocrx_word' id='word_1_244' title='bbox 359 1975 406 2029; x_wconf 78' lang='grc' dir='ltr'><strong>τοῦ</strong></span> <span class='ocrx_word' id='word_1_245' title='bbox 423 1968 590 2046; x_wconf 76' lang='grc' dir='ltr'>Θεαγένους,</span> <span class='ocrx_word' id='word_1_246' title='bbox 607 1969 624 2027; x_wconf 80' lang='grc' dir='ltr'>ά</span> <span class='ocrx_word' id='word_1_247' title='bbox 642 1993 667 2028; x_wconf 91' lang='grc' dir='ltr'><strong>τι</strong></span> <span class='ocrx_word' id='word_1_248' title='bbox 685 1969 738 2028; x_wconf 79' lang='grc' dir='ltr'>σε’·</span> <span class='ocrx_word' id='word_1_249' title='bbox 782 1981 849 2030; x_wconf 87' lang='lat' dir='ltr'><strong>sione</strong></span> <span class='ocrx_word' id='word_1_250' title='bbox 860 1981 967 2031; x_wconf 86' lang='lat' dir='ltr'><strong>tremens</strong></span> <span class='ocrx_word' id='word_1_251' title='bbox 979 1982 1004 2030; x_wconf 90' lang='lat' dir='ltr'><strong>et</strong></span> <span class='ocrx_word' id='word_1_252' title='bbox 1015 1979 1277 2043; x_wconf 78' lang='lat' dir='ltr'><strong>tbeagene,qulduam</strong></span> <span class='ocrx_word' id='word_1_253' title='bbox 1286 1979 1345 2028; x_wconf 88' lang='lat' dir='ltr'><strong>mibi</strong></span> <span class='ocrx_word' id='word_1_254' title='bbox 1355 1979 1491 2041; x_wconf 87' lang='lat' dir='ltr'><strong>accidisset,</strong></span> <span class='ocrx_word' id='word_1_255' title='bbox 1503 1993 1571 2042; x_wconf 77' lang='lat' dir='ltr'><strong>quaa·</strong></span> 
     </span>
     <span class='ocr_line' id='line_1_20' title="bbox 107 2057 1643 2138; baseline 0.001 -23"><span class='ocrx_word' id='word_1_256' title='bbox 107 2057 198 2134; x_wconf 82' lang='grc' dir='ltr'>μένου,</span> <span class='ocrx_word' id='word_1_257' title='bbox 213 2058 314 2138; x_wconf 83' lang='grc' dir='ltr'>Τάχα,</span> <span class='ocrx_word' id='word_1_258' title='bbox 337 2058 418 2138; x_wconf 83' lang='grc' dir='ltr'>ἔφην,</span> <span class='ocrx_word' id='word_1_259' title='bbox 440 2057 593 2138; x_wconf 77' lang='grc' dir='ltr'>ὠψίσθημεν</span> <span class='ocrx_word' id='word_1_260' title='bbox 607 2062 654 2130; x_wconf 78' lang='grc' dir='ltr'><strong>τῆς</strong></span> <span class='ocrx_word' id='word_1_261' title='bbox 675 2059 737 2115; x_wconf 79' lang='grc' dir='ltr'>ἅνα-</span> <span class='ocrx_word' id='word_1_262' title='bbox 783 2072 866 2130; x_wconf 82' lang='grc' dir='ltr'>τοαιο,</span> <span class='ocrx_word' id='word_1_263' title='bbox 883 2069 1076 2132; x_wconf 81' lang='lat' dir='ltr'><strong>Propemodum,</strong></span> <span class='ocrx_word' id='word_1_264' title='bbox 1095 2068 1245 2131; x_wconf 89' lang='lat' dir='ltr'><strong>inquiebam,</strong></span> <span class='ocrx_word' id='word_1_265' title='bbox 1264 2069 1360 2119; x_wconf 82' lang='lat' dir='ltr'><strong>exitum</strong></span> <span class='ocrx_word' id='word_1_266' title='bbox 1380 2069 1479 2118; x_wconf 82' lang='lat' dir='ltr'><strong>uariae</strong></span> <span class='ocrx_word' id='word_1_267' title='bbox 1498 2073 1568 2131; x_wconf 89' lang='lat' dir='ltr'><strong>portu</strong></span> <span class='ocrx_word' id='word_1_268' title='bbox 1633 2118 1643 2129; x_wconf 70' lang='grc'>,</span> 
     </span>
     <span class='ocr_line' id='line_1_21' title="bbox 107 2145 1571 2227; baseline 0.003 -23"><span class='ocrx_word' id='word_1_269' title='bbox 107 2146 287 2227; x_wconf 81' lang='grc' dir='ltr'>τιθορύάημαι</span> <span class='ocrx_word' id='word_1_270' title='bbox 310 2147 458 2227; x_wconf 81' lang='grc' dir='ltr'>άφυσνίσας</span> <span class='ocrx_word' id='word_1_271' title='bbox 472 2145 537 2226; x_wconf 86' lang='grc' dir='ltr'>πρὸς</span> <span class='ocrx_word' id='word_1_272' title='bbox 558 2145 605 2217; x_wconf 71' lang='grc' dir='ltr'><strong>τὴν</strong></span> <span class='ocrx_word' id='word_1_273' title='bbox 626 2145 736 2206; x_wconf 84' lang='grc' dir='ltr'>ἔννοιαν.</span> <span class='ocrx_word' id='word_1_274' title='bbox 783 2157 932 2221; x_wconf 79' lang='lat' dir='ltr'><strong>negleximus</strong></span> <span class='ocrx_word' id='word_1_275' title='bbox 943 2160 968 2207; x_wconf 91' lang='lat' dir='ltr'><strong>et</strong></span> <span class='ocrx_word' id='word_1_276' title='bbox 976 2157 1393 2220; x_wconf 79' lang='lat' dir='ltr'><strong>expergiscenseaeogitationesnm</strong></span> <span class='ocrx_word' id='word_1_277' title='bbox 1406 2157 1571 2220; x_wconf 84' lang='lat' dir='ltr'><strong>perturbatus.</strong></span> 
     </span>
     <span class='ocr_line' id='line_1_22' title="bbox 106 2231 1572 2308; baseline -0.002 -9"><span class='ocrx_word' id='word_1_278' title='bbox 106 2259 109 2299; x_wconf 85' lang='lat'>:</span> <span class='ocrx_word' id='word_1_279' title='bbox 131 2233 155 2292; x_wconf 80' lang='grc' dir='ltr'>τ’</span> <span class='ocrx_word' id='word_1_280' title='bbox 170 2233 268 2294; x_wconf 68' lang='lat' dir='ltr'><strong>ericen</strong></span> <span class='ocrx_word' id='word_1_281' title='bbox 292 2234 338 2293; x_wconf 84' lang='grc' dir='ltr'><strong>καὶ</strong></span> <span class='ocrx_word' id='word_1_282' title='bbox 358 2234 391 2293; x_wconf 75' lang='grc' dir='ltr'><strong>τά</strong></span> <span class='ocrx_word' id='word_1_283' title='bbox 411 2233 472 2292; x_wconf 80' lang='grc' dir='ltr'>ὄντα</span> <span class='ocrx_word' id='word_1_284' title='bbox 494 2234 670 2306; x_wconf 67' lang='grc' dir='ltr'>συσκευάζου,</span> <span class='ocrx_word' id='word_1_285' title='bbox 691 2231 738 2304; x_wconf 78' lang='grc' dir='ltr'><strong>τὴν</strong></span> <span class='ocrx_word' id='word_1_286' title='bbox 784 2246 866 2296; x_wconf 87' lang='lat' dir='ltr'><strong>sedat</strong></span> <span class='ocrx_word' id='word_1_287' title='bbox 878 2246 928 2308; x_wconf 87' lang='lat' dir='ltr'><strong>ipae</strong></span> <span class='ocrx_word' id='word_1_288' title='bbox 941 2259 1021 2308; x_wconf 78' lang='lat' dir='ltr'><strong>surge,</strong></span> <span class='ocrx_word' id='word_1_289' title='bbox 1037 2258 1065 2294; x_wconf 90' lang='lat' dir='ltr'><strong>ae</strong></span> <span class='ocrx_word' id='word_1_290' title='bbox 1083 2248 1138 2295; x_wconf 82' lang='lat' dir='ltr'><strong>tuas</strong></span> <span class='ocrx_word' id='word_1_291' title='bbox 1151 2258 1189 2295; x_wconf 88' lang='lat' dir='ltr'><strong>rea</strong></span> <span class='ocrx_word' id='word_1_292' title='bbox 1203 2245 1287 2307; x_wconf 78' lang='lat' dir='ltr'><strong>collige</strong></span> <span class='ocrx_word' id='word_1_293' title='bbox 1302 2265 1308 2295; x_wconf 75' lang='grc' dir='ltr'>ι</span> <span class='ocrx_word' id='word_1_294' title='bbox 1324 2245 1476 2296; x_wconf 86' lang='lat' dir='ltr'><strong>charicleam</strong></span> <span class='ocrx_word' id='word_1_295' title='bbox 1490 2249 1572 2296; x_wconf 89' lang='lat' dir='ltr'><strong>autem</strong></span> 
     </span>
     <span class='ocr_line' id='line_1_23' title="bbox 106 2321 1571 2404; baseline 0.002 -24"><span class='ocrx_word' id='word_1_296' title='bbox 106 2321 146 2380; x_wconf 72' lang='lat' dir='ltr'><strong>rr‘</strong></span> <span class='ocrx_word' id='word_1_297' title='bbox 156 2322 208 2397; x_wconf 80' lang='grc' dir='ltr'><strong>ἐγὼ</strong></span> <span class='ocrx_word' id='word_1_298' title='bbox 219 2323 419 2401; x_wconf 83' lang='grc' dir='ltr'>μετελεύσομαι.</span> <span class='ocrx_word' id='word_1_299' title='bbox 464 2323 660 2404; x_wconf 78' lang='grc' dir='ltr'>Παρῆνήπαῖς</span> <span class='ocrx_word' id='word_1_300' title='bbox 672 2322 737 2398; x_wconf 80' lang='grc' dir='ltr'>ἐμοῦ</span> <span class='ocrx_word' id='word_1_301' title='bbox 785 2348 829 2398; x_wconf 71' lang='lat' dir='ltr'><strong>ego</strong></span> <span class='ocrx_word' id='word_1_302' title='bbox 842 2347 972 2384; x_wconf 83' lang='lat' dir='ltr'><strong>accemam</strong></span> <span class='ocrx_word' id='word_1_303' title='bbox 1005 2333 1169 2394; x_wconf 78' lang='lat' dir='ltr'><strong>Aderatlilia,</strong></span> <span class='ocrx_word' id='word_1_304' title='bbox 1183 2347 1240 2383; x_wconf 86' lang='lat' dir='ltr'><strong>cum</strong></span> <span class='ocrx_word' id='word_1_305' title='bbox 1254 2335 1433 2396; x_wconf 78' lang='lat' dir='ltr'><strong>significassem.</strong></span> <span class='ocrx_word' id='word_1_306' title='bbox 1466 2334 1571 2397; x_wconf 80' lang='lat' dir='ltr'><strong>Tyrrbe·</strong></span> 
     </span>
     <span class='ocr_line' id='line_1_24' title="bbox 106 2410 1572 2491; baseline -0.004 -13"><span class='ocrx_word' id='word_1_307' title='bbox 106 2410 218 2482; x_wconf 75' lang='grc' dir='ltr'>θναντοτ.</span> <span class='ocrx_word' id='word_1_308' title='bbox 253 2410 308 2472; x_wconf 79' lang='grc' dir='ltr'><strong>Καὶ</strong></span> <span class='ocrx_word' id='word_1_309' title='bbox 329 2415 343 2469; x_wconf 84' lang='grc' dir='ltr'><strong><em>ὃ</em></strong></span> <span class='ocrx_word' id='word_1_310' title='bbox 361 2414 496 2491; x_wconf 79' lang='grc' dir='ltr'>Τυρρηνὸς</span> <span class='ocrx_word' id='word_1_311' title='bbox 516 2410 666 2488; x_wconf 70' lang='grc' dir='ltr'>αἰσθόμενοι</span> <span class='ocrx_word' id='word_1_312' title='bbox 683 2413 738 2467; x_wconf 85' lang='grc' dir='ltr'>δια·</span> <span class='ocrx_word' id='word_1_313' title='bbox 784 2436 830 2473; x_wconf 89' lang='lat' dir='ltr'><strong>nus</strong></span> <span class='ocrx_word' id='word_1_314' title='bbox 842 2437 940 2486; x_wconf 91' lang='lat' dir='ltr'><strong>quoque</strong></span> <span class='ocrx_word' id='word_1_315' title='bbox 957 2436 1013 2473; x_wconf 89' lang='lat' dir='ltr'><strong>cum</strong></span> <span class='ocrx_word' id='word_1_316' title='bbox 1025 2423 1147 2484; x_wconf 83' lang='lat' dir='ltr'><strong>sensisset,</strong></span> <span class='ocrx_word' id='word_1_317' title='bbox 1158 2424 1265 2472; x_wconf 81' lang='lat' dir='ltr'><strong>surrexit</strong></span> <span class='ocrx_word' id='word_1_318' title='bbox 1276 2426 1300 2472; x_wconf 91' lang='lat' dir='ltr'><strong>et</strong></span> <span class='ocrx_word' id='word_1_319' title='bbox 1316 2422 1346 2472; x_wconf 90' lang='lat' dir='ltr'><strong>de</strong></span> <span class='ocrx_word' id='word_1_320' title='bbox 1360 2436 1404 2484; x_wconf 90' lang='lat' dir='ltr'><strong>eo,</strong></span> <span class='ocrx_word' id='word_1_321' title='bbox 1417 2422 1482 2485; x_wconf 90' lang='lat' dir='ltr'><strong>quod</strong></span> <span class='ocrx_word' id='word_1_322' title='bbox 1495 2422 1572 2483; x_wconf 83' lang='lat' dir='ltr'><strong>deret,</strong></span> 
     </span>
     <span class='ocr_line' id='line_1_25' title="bbox 106 2495 1573 2578; baseline 0.003 -23"><span class='ocrx_word' id='word_1_323' title='bbox 106 2499 136 2556; x_wconf 84' lang='lat' dir='ltr'><strong>rb</strong></span> <span class='ocrx_word' id='word_1_324' title='bbox 150 2497 301 2578; x_wconf 87' lang='grc' dir='ltr'>γιγνόμενον</span> <span class='ocrx_word' id='word_1_325' title='bbox 315 2500 481 2561; x_wconf 80' lang='grc' dir='ltr'>ἐπυνθάνετο.</span> <span class='ocrx_word' id='word_1_326' title='bbox 528 2496 626 2577; x_wconf 82' lang='grc' dir='ltr'>Κάγὼ,</span> <span class='ocrx_word' id='word_1_327' title='bbox 639 2497 678 2558; x_wconf 74' lang='grc' dir='ltr'><strong>Τὸ</strong></span> <span class='ocrx_word' id='word_1_328' title='bbox 691 2495 738 2573; x_wconf 63' lang='grc' dir='ltr'>μὲν</span> <span class='ocrx_word' id='word_1_329' title='bbox 785 2511 932 2576; x_wconf 87' lang='lat' dir='ltr'><strong>inquirebat.</strong></span> <span class='ocrx_word' id='word_1_330' title='bbox 965 2514 1057 2575; x_wconf 75' lang='lat' dir='ltr'><strong>Atego,</strong></span> <span class='ocrx_word' id='word_1_331' title='bbox 1070 2509 1395 2574; x_wconf 82' lang='lat' dir='ltr'><strong>idquodinpraesentiatit,</strong></span> <span class='ocrx_word' id='word_1_332' title='bbox 1410 2513 1480 2560; x_wconf 91' lang='lat' dir='ltr'><strong>tuum</strong></span> <span class='ocrx_word' id='word_1_333' title='bbox 1494 2511 1573 2561; x_wconf 84' lang='lat' dir='ltr'><strong>cousi-</strong></span> 
     </span>
     <span class='ocr_line' id='line_1_26' title="bbox 116 2585 1573 2669; baseline 0 -21"><span class='ocrx_word' id='word_1_334' title='bbox 116 2586 200 2657; x_wconf 78' lang='grc' dir='ltr'>ἔστιν,</span> <span class='ocrx_word' id='word_1_335' title='bbox 213 2585 313 2665; x_wconf 77' lang='grc' dir='ltr'>ἔλεγον,</span> <span class='ocrx_word' id='word_1_336' title='bbox 327 2592 344 2658; x_wconf 81' lang='grc' dir='ltr'>ἡ</span> <span class='ocrx_word' id='word_1_337' title='bbox 357 2586 551 2663; x_wconf 66' lang='lat' dir='ltr'><strong>strepenti.</strong></span> <span class='ocrx_word' id='word_1_338' title='bbox 594 2588 739 2664; x_wconf 74' lang='grc' dir='ltr'>Διαδρᾶναι</span> <span class='ocrx_word' id='word_1_339' title='bbox 785 2599 1437 2669; x_wconf 76' lang='lat' dir='ltr'><strong>llumest,dicebamreiiugerecopamurinsidiatores.</strong></span> <span class='ocrx_word' id='word_1_340' title='bbox 1472 2603 1573 2650; x_wconf 83' lang='lat' dir='ltr'><strong>&#39;ierem</strong></span> 
     </span>
     <span class='ocr_line' id='line_1_27' title="bbox 108 2673 1573 2753; baseline -0.003 -10"><span class='ocrx_word' id='word_1_341' title='bbox 108 2674 166 2742; x_wconf 64' lang='lat' dir='ltr'><strong>wilt</strong></span> <span class='ocrx_word' id='word_1_342' title='bbox 174 2673 410 2742; x_wconf 66' lang='grc' dir='ltr'><strong>ἕιιιὸοιιλιθονιαιτ·Ι</strong></span> <span class='ocrx_word' id='word_1_343' title='bbox 442 2675 480 2735; x_wconf 69' lang='grc' dir='ltr'><strong>Σὺ</strong></span> <span class='ocrx_word' id='word_1_344' title='bbox 490 2676 512 2733; x_wconf 76' lang='grc' dir='ltr'><strong>δ’</strong></span> <span class='ocrx_word' id='word_1_345' title='bbox 524 2674 600 2742; x_wconf 66' lang='grc' dir='ltr'>αὗται</span> <span class='ocrx_word' id='word_1_346' title='bbox 608 2699 637 2732; x_wconf 73' lang='grc' dir='ltr'>τε</span> <span class='ocrx_word' id='word_1_347' title='bbox 647 2673 739 2743; x_wconf 75' lang='grc' dir='ltr'>ιιώζιια</span> <span class='ocrx_word' id='word_1_348' title='bbox 784 2691 817 2740; x_wconf 92' lang='lat' dir='ltr'><strong>dii</strong></span> <span class='ocrx_word' id='word_1_349' title='bbox 828 2691 921 2741; x_wconf 82' lang='lat' dir='ltr'><strong>salvum</strong></span> <span class='ocrx_word' id='word_1_350' title='bbox 934 2693 959 2740; x_wconf 93' lang='lat' dir='ltr'><strong>et</strong></span> <span class='ocrx_word' id='word_1_351' title='bbox 969 2691 1114 2740; x_wconf 88' lang='lat' dir='ltr'><strong>incolumem</strong></span> <span class='ocrx_word' id='word_1_352' title='bbox 1129 2692 1280 2749; x_wconf 85' lang='lat' dir='ltr'><strong>conservent,</strong></span> <span class='ocrx_word' id='word_1_353' title='bbox 1290 2689 1331 2753; x_wconf 88' lang='lat' dir='ltr'><strong>qui</strong></span> <span class='ocrx_word' id='word_1_354' title='bbox 1340 2689 1424 2751; x_wconf 89' lang='lat' dir='ltr'><strong>optimi</strong></span> <span class='ocrx_word' id='word_1_355' title='bbox 1433 2689 1479 2738; x_wconf 83' lang='lat' dir='ltr'><strong>viri</strong></span> <span class='ocrx_word' id='word_1_356' title='bbox 1492 2690 1573 2739; x_wconf 84' lang='lat' dir='ltr'><strong>cilicio</strong></span> 
     </span>
     <span class='ocr_line' id='line_1_28' title="bbox 106 2763 1574 2844; baseline 0.003 -23"><span class='ocrx_word' id='word_1_357' title='bbox 106 2768 173 2840; x_wconf 64' lang='grc' dir='ltr'>νεῶν,</span> <span class='ocrx_word' id='word_1_358' title='bbox 196 2766 297 2844; x_wconf 80' lang='grc' dir='ltr'>ἀνδρῶν</span> <span class='ocrx_word' id='word_1_359' title='bbox 314 2765 446 2842; x_wconf 75' lang='grc' dir='ltr'>βέλτιστος</span> <span class='ocrx_word' id='word_1_360' title='bbox 460 2763 521 2843; x_wconf 75' lang='lat' dir='ltr'><strong>napi</strong></span> <span class='ocrx_word' id='word_1_361' title='bbox 535 2768 606 2840; x_wconf 73' lang='grc' dir='ltr'>ἡμᾶς</span> <span class='ocrx_word' id='word_1_362' title='bbox 628 2785 739 2841; x_wconf 80' lang='grc' dir='ltr'>γιγινη·</span> <span class='ocrx_word' id='word_1_363' title='bbox 785 2793 840 2842; x_wconf 81' lang='lat' dir='ltr'><strong>erga</strong></span> <span class='ocrx_word' id='word_1_364' title='bbox 849 2793 894 2829; x_wconf 84' lang='lat' dir='ltr'><strong>nos</strong></span> <span class='ocrx_word' id='word_1_365' title='bbox 908 2780 1005 2828; x_wconf 86' lang='lat' dir='ltr'><strong>iunctus</strong></span> <span class='ocrx_word' id='word_1_366' title='bbox 1017 2793 1051 2828; x_wconf 85' lang='lat' dir='ltr'><strong>es.</strong></span> <span class='ocrx_word' id='word_1_367' title='bbox 1086 2782 1154 2828; x_wconf 84' lang='lat' dir='ltr'><strong>lianc</strong></span> <span class='ocrx_word' id='word_1_368' title='bbox 1170 2780 1252 2828; x_wconf 85' lang='lat' dir='ltr'><strong>autem</strong></span> <span class='ocrx_word' id='word_1_369' title='bbox 1269 2777 1300 2825; x_wconf 91' lang='lat' dir='ltr'><strong>da</strong></span> <span class='ocrx_word' id='word_1_370' title='bbox 1312 2777 1382 2826; x_wconf 89' lang='lat' dir='ltr'><strong>uobis</strong></span> <span class='ocrx_word' id='word_1_371' title='bbox 1393 2777 1504 2827; x_wconf 88' lang='lat' dir='ltr'><strong>ultimam</strong></span> <span class='ocrx_word' id='word_1_372' title='bbox 1521 2791 1574 2841; x_wconf 82' lang='lat' dir='ltr'><strong>gra·</strong></span> 
     </span>
     <span class='ocr_line' id='line_1_29' title="bbox 106 2850 1574 2931; baseline 0 -17"><span class='ocrx_word' id='word_1_373' title='bbox 106 2853 175 2924; x_wconf 71' lang='grc' dir='ltr'>τήνδι</span> <span class='ocrx_word' id='word_1_374' title='bbox 185 2853 257 2912; x_wconf 80' lang='grc' dir='ltr'>δίδου</span> <span class='ocrx_word' id='word_1_375' title='bbox 263 2853 416 2910; x_wconf 75' lang='grc' dir='ltr'>τελευταίαν</span> <span class='ocrx_word' id='word_1_376' title='bbox 426 2852 512 2931; x_wconf 76' lang='grc' dir='ltr'>χάριν·</span> <span class='ocrx_word' id='word_1_377' title='bbox 526 2857 570 2909; x_wconf 73' lang='grc' dir='ltr'><strong>θῦε</strong></span> <span class='ocrx_word' id='word_1_378' title='bbox 581 2850 740 2917; x_wconf 72' lang='grc' dir='ltr'>διαπλεύσας</span> <span class='ocrx_word' id='word_1_379' title='bbox 785 2869 844 2917; x_wconf 89' lang='lat' dir='ltr'><strong>tiam</strong></span> <span class='ocrx_word' id='word_1_380' title='bbox 861 2867 1047 2916; x_wconf 84' lang='lat' dir='ltr'><strong>:transmittens</strong></span> <span class='ocrx_word' id='word_1_381' title='bbox 1059 2868 1083 2916; x_wconf 88' lang='lat' dir='ltr'><strong>in</strong></span> <span class='ocrx_word' id='word_1_382' title='bbox 1098 2867 1219 2926; x_wconf 79' lang='lat' dir='ltr'><strong>ithacam,</strong></span> <span class='ocrx_word' id='word_1_383' title='bbox 1237 2865 1344 2914; x_wconf 86' lang='lat' dir='ltr'><strong>sacritica</strong></span> <span class='ocrx_word' id='word_1_384' title='bbox 1358 2866 1482 2926; x_wconf 85' lang='lat' dir='ltr'><strong>pronubis</strong></span> <span class='ocrx_word' id='word_1_385' title='bbox 1493 2867 1574 2927; x_wconf 83' lang='lat' dir='ltr'><strong>Ulyssi</strong></span> 
     </span>
     <span class='ocr_line' id='line_1_30' title="bbox 117 2939 1573 3021; baseline -0.005 -11"><span class='ocrx_word' id='word_1_386' title='bbox 117 2940 182 3021; x_wconf 63' lang='grc' dir='ltr'>ὑπὲρ</span> <span class='ocrx_word' id='word_1_387' title='bbox 202 2944 278 3018; x_wconf 72' lang='grc' dir='ltr'>ἡμῶν</span> <span class='ocrx_word' id='word_1_388' title='bbox 293 2940 419 2999; x_wconf 71' lang='grc' dir='ltr'>Ὀδιιααιῖ</span> <span class='ocrx_word' id='word_1_389' title='bbox 434 2941 478 2997; x_wconf 69' lang='grc' dir='ltr'>καλ</span> <span class='ocrx_word' id='word_1_390' title='bbox 494 2939 560 2998; x_wconf 71' lang='grc' dir='ltr'>αἴτει</span> <span class='ocrx_word' id='word_1_391' title='bbox 574 2944 619 3010; x_wconf 68' lang='grc' dir='ltr'>τῆς</span> <span class='ocrx_word' id='word_1_392' title='bbox 635 2939 741 3014; x_wconf 72' lang='grc' dir='ltr'>μήνιδος</span> <span class='ocrx_word' id='word_1_393' title='bbox 785 2959 809 3005; x_wconf 92' lang='lat' dir='ltr'><strong>et</strong></span> <span class='ocrx_word' id='word_1_394' title='bbox 819 2957 873 3020; x_wconf 86' lang='lat' dir='ltr'><strong>pete</strong></span> <span class='ocrx_word' id='word_1_395' title='bbox 885 2961 912 3004; x_wconf 93' lang='lat' dir='ltr'><strong>ut</strong></span> <span class='ocrx_word' id='word_1_396' title='bbox 924 2956 985 3005; x_wconf 87' lang='lat' dir='ltr'><strong>iram</strong></span> <span class='ocrx_word' id='word_1_397' title='bbox 1001 2968 1070 3004; x_wconf 87' lang='lat' dir='ltr'><strong>auam</strong></span> <span class='ocrx_word' id='word_1_398' title='bbox 1088 2969 1142 3017; x_wconf 80' lang='lat' dir='ltr'><strong>erga</strong></span> <span class='ocrx_word' id='word_1_399' title='bbox 1154 2969 1198 3004; x_wconf 87' lang='lat' dir='ltr'><strong>nos</strong></span> <span class='ocrx_word' id='word_1_400' title='bbox 1212 2953 1303 3016; x_wconf 78' lang='lat' dir='ltr'><strong>mitiget</strong></span> <span class='ocrx_word' id='word_1_401' title='bbox 1315 2967 1363 3015; x_wconf 91' lang='lat' dir='ltr'><strong>qua</strong></span> <span class='ocrx_word' id='word_1_402' title='bbox 1379 2967 1405 3001; x_wconf 87' lang='lat' dir='ltr'><strong>se</strong></span> <span class='ocrx_word' id='word_1_403' title='bbox 1424 2956 1573 3003; x_wconf 88' lang='lat' dir='ltr'><strong>commotum</strong></span> 
     </span>
     <span class='ocr_line' id='line_1_31' title="bbox 106 3025 1574 3107; baseline -0.005 -11"><span class='ocrx_word' id='word_1_404' title='bbox 106 3053 110 3096; x_wconf 71' lang='grc' dir='ltr'>ι</span> <span class='ocrx_word' id='word_1_405' title='bbox 123 3030 182 3089; x_wconf 80' lang='grc' dir='ltr'>καθ’</span> <span class='ocrx_word' id='word_1_406' title='bbox 195 3033 290 3106; x_wconf 75' lang='grc' dir='ltr'>ἡμῶν,</span> <span class='ocrx_word' id='word_1_407' title='bbox 304 3029 336 3100; x_wconf 75' lang='grc' dir='ltr'><strong>ἣν</strong></span> <span class='ocrx_word' id='word_1_408' title='bbox 350 3032 509 3105; x_wconf 72' lang='grc' dir='ltr'>ἀγανακτεῖν</span> <span class='ocrx_word' id='word_1_409' title='bbox 520 3029 555 3093; x_wconf 76' lang='grc' dir='ltr'><strong>ὡς</strong></span> <span class='ocrx_word' id='word_1_410' title='bbox 569 3025 740 3106; x_wconf 73' lang='grc' dir='ltr'>ταοιοιραμὲ·</span> <span class='ocrx_word' id='word_1_411' title='bbox 785 3058 853 3104; x_wconf 86' lang='lat' dir='ltr'><strong>esse,</strong></span> <span class='ocrx_word' id='word_1_412' title='bbox 873 3050 988 3107; x_wconf 87' lang='lat' dir='ltr'><strong>tanquam</strong></span> <span class='ocrx_word' id='word_1_413' title='bbox 1008 3046 1116 3107; x_wconf 88' lang='lat' dir='ltr'><strong>spretum</strong></span> <span class='ocrx_word' id='word_1_414' title='bbox 1131 3045 1155 3093; x_wconf 89' lang='lat' dir='ltr'><strong>et</strong></span> <span class='ocrx_word' id='word_1_415' title='bbox 1176 3045 1357 3104; x_wconf 86' lang='lat' dir='ltr'><strong>contemptum,</strong></span> <span class='ocrx_word' id='word_1_416' title='bbox 1372 3055 1428 3089; x_wconf 91' lang='lat' dir='ltr'><strong>cum</strong></span> <span class='ocrx_word' id='word_1_417' title='bbox 1442 3041 1508 3090; x_wconf 87' lang='lat' dir='ltr'><strong>nobis</strong></span> <span class='ocrx_word' id='word_1_418' title='bbox 1529 3041 1574 3090; x_wconf 89' lang='lat' dir='ltr'><strong>bac</strong></span> 
     </span>
     <span class='ocr_line' id='line_1_32' title="bbox 106 3114 1574 3196; baseline -0.008 -8"><span class='ocrx_word' id='word_1_419' title='bbox 106 3117 294 3189; x_wconf 63' lang='grc' dir='ltr'>ιιιιῆτννατὸτ</span> <span class='ocrx_word' id='word_1_420' title='bbox 308 3114 630 3196; x_wconf 70' lang='grc' dir='ltr'>ἕτιφαντλςὲξηγὸριναιν.</span> <span class='ocrx_word' id='word_1_421' title='bbox 674 3115 739 3173; x_wconf 73' lang='grc' dir='ltr'>Ἔα·</span> <span class='ocrx_word' id='word_1_422' title='bbox 785 3134 856 3181; x_wconf 90' lang='lat' dir='ltr'><strong>nocte</strong></span> <span class='ocrx_word' id='word_1_423' title='bbox 872 3131 1037 3195; x_wconf 84' lang='lat' dir='ltr'><strong>appamisset,</strong></span> <span class='ocrx_word' id='word_1_424' title='bbox 1052 3130 1203 3193; x_wconf 82' lang='lat' dir='ltr'><strong>significarit.</strong></span> <span class='ocrx_word' id='word_1_425' title='bbox 1235 3129 1434 3179; x_wconf 77' lang='lat' dir='ltr'><strong>aromtrtebarse</strong></span> <span class='ocrx_word' id='word_1_426' title='bbox 1449 3130 1482 3178; x_wconf 87' lang='lat' dir='ltr'><strong>ita</strong></span> <span class='ocrx_word' id='word_1_427' title='bbox 1497 3130 1574 3178; x_wconf 86' lang='lat' dir='ltr'><strong>iactu·</strong></span> 
     </span>
     <span class='ocr_line' id='line_1_33' title="bbox 107 3201 1575 3283; baseline -0.009 -5"><span class='ocrx_word' id='word_1_428' title='bbox 107 3206 227 3278; x_wconf 68' lang='grc' dir='ltr'>ιιιιιλιιιι</span> <span class='ocrx_word' id='word_1_429' title='bbox 242 3204 310 3264; x_wconf 67' lang='grc' dir='ltr'>ιῧιινι</span> <span class='ocrx_word' id='word_1_430' title='bbox 325 3205 370 3263; x_wconf 70' lang='grc' dir='ltr'>ιιιιι</span> <span class='ocrx_word' id='word_1_431' title='bbox 389 3203 451 3283; x_wconf 66' lang='grc' dir='ltr'>ἄχρι</span> <span class='ocrx_word' id='word_1_432' title='bbox 463 3207 510 3274; x_wconf 51' lang='lat' dir='ltr'><strong>Tii&lt;</strong></span> <span class='ocrx_word' id='word_1_433' title='bbox 525 3202 587 3268; x_wconf 67' lang='grc' dir='ltr'>νιιλιι</span> <span class='ocrx_word' id='word_1_434' title='bbox 598 3201 741 3281; x_wconf 59' lang='grc' dir='ltr'>παρέπαι-</span> <span class='ocrx_word' id='word_1_435' title='bbox 786 3233 840 3268; x_wconf 85' lang='grc' dir='ltr'>τυιυ</span> <span class='ocrx_word' id='word_1_436' title='bbox 850 3232 901 3269; x_wconf 83' lang='lat' dir='ltr'><strong>esse</strong></span> <span class='ocrx_word' id='word_1_437' title='bbox 910 3222 935 3269; x_wconf 88' lang='lat' dir='ltr'><strong>et</strong></span> <span class='ocrx_word' id='word_1_438' title='bbox 944 3232 1022 3281; x_wconf 81' lang='lat' dir='ltr'><strong>usque</strong></span> <span class='ocrx_word' id='word_1_439' title='bbox 1031 3218 1061 3268; x_wconf 91' lang='lat' dir='ltr'><strong>ad</strong></span> <span class='ocrx_word' id='word_1_440' title='bbox 1071 3232 1158 3267; x_wconf 83' lang='lat' dir='ltr'><strong>narem</strong></span> <span class='ocrx_word' id='word_1_441' title='bbox 1169 3217 1313 3278; x_wconf 85' lang='lat' dir='ltr'><strong>deducebat,</strong></span> <span class='ocrx_word' id='word_1_442' title='bbox 1324 3230 1436 3280; x_wconf 81' lang='lat' dir='ltr'><strong>magnam</strong></span> <span class='ocrx_word' id='word_1_443' title='bbox 1445 3218 1494 3265; x_wconf 84' lang='lat' dir='ltr'><strong>rim</strong></span> <span class='ocrx_word' id='word_1_444' title='bbox 1506 3216 1575 3265; x_wconf 86' lang='lat' dir='ltr'><strong>lacri-</strong></span> 
     </span>
     <span class='ocr_line' id='line_1_34' title="bbox 106 3288 1574 3374; baseline -0.001 -18"><span class='ocrx_word' id='word_1_445' title='bbox 106 3295 197 3374; x_wconf 80' lang='grc' dir='ltr'>οιρύων</span> <span class='ocrx_word' id='word_1_446' title='bbox 211 3317 240 3354; x_wconf 79' lang='grc' dir='ltr'><strong>τι</strong></span> <span class='ocrx_word' id='word_1_447' title='bbox 252 3296 365 3352; x_wconf 78' lang='grc' dir='ltr'>πλεῖστα</span> <span class='ocrx_word' id='word_1_448' title='bbox 377 3293 422 3351; x_wconf 78' lang='grc' dir='ltr'><strong>καὶ</strong></span> <span class='ocrx_word' id='word_1_449' title='bbox 436 3293 480 3350; x_wconf 76' lang='grc' dir='ltr'><strong>τὸν</strong></span> <span class='ocrx_word' id='word_1_450' title='bbox 495 3294 576 3349; x_wconf 69' lang='lat' dir='ltr'><strong>elata</strong></span> <span class='ocrx_word' id='word_1_451' title='bbox 589 3291 653 3367; x_wconf 72' lang='grc' dir='ltr'>ἡμῖν</span> <span class='ocrx_word' id='word_1_452' title='bbox 669 3288 741 3361; x_wconf 55' lang='lat' dir='ltr'><strong>iivi-</strong></span> <span class='ocrx_word' id='word_1_453' title='bbox 786 3320 881 3356; x_wconf 86' lang='lat' dir='ltr'><strong>marum</strong></span> <span class='ocrx_word' id='word_1_454' title='bbox 899 3307 1046 3370; x_wconf 76' lang='lat' dir='ltr'><strong>profundens</strong></span> <span class='ocrx_word' id='word_1_455' title='bbox 1063 3309 1089 3357; x_wconf 88' lang='lat' dir='ltr'><strong>et</strong></span> <span class='ocrx_word' id='word_1_456' title='bbox 1103 3309 1132 3355; x_wconf 92' lang='lat' dir='ltr'><strong>ut</strong></span> <span class='ocrx_word' id='word_1_457' title='bbox 1148 3306 1217 3356; x_wconf 83' lang='lat' dir='ltr'><strong>nobis</strong></span> <span class='ocrx_word' id='word_1_458' title='bbox 1234 3306 1355 3368; x_wconf 79' lang='lat' dir='ltr'><strong>navigatio</strong></span> <span class='ocrx_word' id='word_1_459' title='bbox 1378 3305 1478 3355; x_wconf 79' lang='lat' dir='ltr'><strong>feliciter</strong></span> <span class='ocrx_word' id='word_1_460' title='bbox 1500 3307 1525 3354; x_wconf 89' lang='lat' dir='ltr'><strong>et</strong></span> <span class='ocrx_word' id='word_1_461' title='bbox 1543 3318 1574 3354; x_wconf 82' lang='lat' dir='ltr'><strong>ea</strong></span> 
     </span>
     <span class='ocr_line' id='line_1_35' title="bbox 106 3377 1574 3461; baseline -0.005 -15"><span class='ocrx_word' id='word_1_462' title='bbox 106 3391 154 3443; x_wconf 85' lang='grc' dir='ltr'><strong>θαι</strong></span> <span class='ocrx_word' id='word_1_463' title='bbox 175 3384 221 3442; x_wconf 80' lang='grc' dir='ltr'><strong>καὶ</strong></span> <span class='ocrx_word' id='word_1_464' title='bbox 244 3383 314 3442; x_wconf 82' lang='grc' dir='ltr'>κατὰ</span> <span class='ocrx_word' id='word_1_465' title='bbox 332 3389 390 3440; x_wconf 81' lang='grc' dir='ltr'>νοῦν</span> <span class='ocrx_word' id='word_1_466' title='bbox 417 3380 600 3461; x_wconf 72' lang='grc' dir='ltr'>ἐπευχόμενοι.</span> <span class='ocrx_word' id='word_1_467' title='bbox 643 3377 680 3440; x_wconf 70' lang='lat' dir='ltr'><strong>Ti</strong></span> <span class='ocrx_word' id='word_1_468' title='bbox 702 3381 741 3437; x_wconf 81' lang='grc' dir='ltr'><strong>δεῖ</strong></span> <span class='ocrx_word' id='word_1_469' title='bbox 786 3395 859 3445; x_wconf 86' lang='lat' dir='ltr'><strong>animi</strong></span> <span class='ocrx_word' id='word_1_470' title='bbox 876 3395 995 3446; x_wconf 82' lang='lat' dir='ltr'><strong>sententia</strong></span> <span class='ocrx_word' id='word_1_471' title='bbox 1005 3393 1145 3444; x_wconf 80' lang='lat' dir='ltr'><strong>succederet</strong></span> <span class='ocrx_word' id='word_1_472' title='bbox 1158 3407 1173 3442; x_wconf 90' lang='lat' dir='ltr'><strong>a</strong></span> <span class='ocrx_word' id='word_1_473' title='bbox 1187 3393 1232 3443; x_wconf 92' lang='lat' dir='ltr'><strong>deo</strong></span> <span class='ocrx_word' id='word_1_474' title='bbox 1242 3393 1381 3456; x_wconf 90' lang='lat' dir='ltr'><strong>deprecans.</strong></span> <span class='ocrx_word' id='word_1_475' title='bbox 1416 3392 1478 3448; x_wconf 86' lang='lat' dir='ltr'><strong>Quid</strong></span> <span class='ocrx_word' id='word_1_476' title='bbox 1492 3390 1574 3440; x_wconf 84' lang='lat' dir='ltr'><strong>multis</strong></span> 
     </span>
     <span class='ocr_line' id='line_1_36' title="bbox 133 3463 1574 3553; baseline -0.004 -19"><span class='ocrx_word' id='word_1_477' title='bbox 133 3463 347 3553; x_wconf 62' lang='grc' dir='ltr'>άνοχλιῖηλθφτι</span> <span class='ocrx_word' id='word_1_478' title='bbox 377 3469 516 3550; x_wconf 76' lang='grc' dir='ltr'>φωσφόρον</span> <span class='ocrx_word' id='word_1_479' title='bbox 545 3468 741 3547; x_wconf 66' lang='grc' dir='ltr'>διαλάμψαντος</span> <span class='ocrx_word' id='word_1_480' title='bbox 786 3485 912 3546; x_wconf 85' lang='lat' dir='ltr'><strong>opusesti</strong></span> <span class='ocrx_word' id='word_1_481' title='bbox 927 3483 1106 3546; x_wconf 85' lang='lat' dir='ltr'><strong>cumprimum</strong></span> <span class='ocrx_word' id='word_1_482' title='bbox 1118 3482 1202 3532; x_wconf 87' lang='lat' dir='ltr'><strong>luciler</strong></span> <span class='ocrx_word' id='word_1_483' title='bbox 1217 3481 1344 3540; x_wconf 81' lang='lat' dir='ltr'><strong>illuxisset,</strong></span> <span class='ocrx_word' id='word_1_484' title='bbox 1360 3481 1385 3530; x_wconf 90' lang='lat' dir='ltr'><strong>ln</strong></span> <span class='ocrx_word' id='word_1_485' title='bbox 1397 3480 1474 3529; x_wconf 88' lang='lat' dir='ltr'><strong>altum</strong></span> <span class='ocrx_word' id='word_1_486' title='bbox 1490 3491 1574 3542; x_wconf 88' lang='lat' dir='ltr'><strong>prore·</strong></span> 
     </span>
     <span class='ocr_line' id='line_1_37' title="bbox 113 3555 1575 3638; baseline -0.007 -10"><span class='ocrx_word' id='word_1_487' title='bbox 113 3606 122 3638; x_wconf 83' lang='lat'><strong>,</strong></span> <span class='ocrx_word' id='word_1_488' title='bbox 145 3559 231 3620; x_wconf 68' lang='grc' dir='ltr'>πολλὰ</span> <span class='ocrx_word' id='word_1_489' title='bbox 244 3559 291 3636; x_wconf 64' lang='grc' dir='ltr'>μὲν</span> <span class='ocrx_word' id='word_1_490' title='bbox 304 3562 356 3617; x_wconf 73' lang='grc' dir='ltr'><strong>τῶν</strong></span> <span class='ocrx_word' id='word_1_491' title='bbox 367 3561 468 3617; x_wconf 69' lang='grc' dir='ltr'>ναντιῗιν</span> <span class='ocrx_word' id='word_1_492' title='bbox 480 3557 528 3627; x_wconf 58' lang='lat' dir='ltr'><strong>itit</strong></span> <span class='ocrx_word' id='word_1_493' title='bbox 543 3555 649 3637; x_wconf 72' lang='grc' dir='ltr'>πρῶιην</span> <span class='ocrx_word' id='word_1_494' title='bbox 664 3558 740 3613; x_wconf 61' lang='grc' dir='ltr'>ἶνιν·</span> <span class='ocrx_word' id='word_1_495' title='bbox 790 3574 914 3636; x_wconf 88' lang='lat' dir='ltr'><strong>bebamur,</strong></span> <span class='ocrx_word' id='word_1_496' title='bbox 925 3573 994 3623; x_wconf 91' lang='lat' dir='ltr'><strong>tuitio</strong></span> <span class='ocrx_word' id='word_1_497' title='bbox 1000 3572 1099 3635; x_wconf 91' lang='lat' dir='ltr'><strong>quidem</strong></span> <span class='ocrx_word' id='word_1_498' title='bbox 1115 3571 1196 3621; x_wconf 87' lang='lat' dir='ltr'><strong>nautis</strong></span> <span class='ocrx_word' id='word_1_499' title='bbox 1204 3583 1349 3634; x_wconf 77' lang='lat' dir='ltr'><strong>magnopere</strong></span> <span class='ocrx_word' id='word_1_500' title='bbox 1357 3568 1575 3620; x_wconf 86' lang='lat' dir='ltr'><strong>contradicentibus</strong></span> 
     </span>
     <span class='ocr_line' id='line_1_38' title="bbox 125 3644 1575 3728; baseline -0.008 -12"><span class='ocrx_word' id='word_1_501' title='bbox 125 3648 200 3716; x_wconf 66' lang='grc' dir='ltr'>τῖλοτ</span> <span class='ocrx_word' id='word_1_502' title='bbox 223 3646 251 3706; x_wconf 61' lang='grc' dir='ltr'><strong>δὲ</strong></span> <span class='ocrx_word' id='word_1_503' title='bbox 272 3646 337 3728; x_wconf 63' lang='grc' dir='ltr'>πρὸς</span> <span class='ocrx_word' id='word_1_504' title='bbox 362 3652 408 3705; x_wconf 76' lang='grc' dir='ltr'>τοῖν</span> <span class='ocrx_word' id='word_1_505' title='bbox 433 3645 530 3724; x_wconf 80' lang='grc' dir='ltr'>Τνρῖαν</span> <span class='ocrx_word' id='word_1_506' title='bbox 556 3651 600 3704; x_wconf 71' lang='grc' dir='ltr'>τοῦ</span> <span class='ocrx_word' id='word_1_507' title='bbox 626 3644 741 3726; x_wconf 61' lang='grc' dir='ltr'>ἐμπόρια</span> <span class='ocrx_word' id='word_1_508' title='bbox 787 3663 1059 3712; x_wconf 82' lang='lat' dir='ltr'><strong>adextremumautam</strong></span> <span class='ocrx_word' id='word_1_509' title='bbox 1074 3660 1315 3723; x_wconf 81' lang='lat' dir='ltr'><strong>a‘iyriomercatora</strong></span> <span class='ocrx_word' id='word_1_510' title='bbox 1330 3659 1575 3721; x_wconf 84' lang='lat' dir='ltr'><strong>persuasis‚cum,se</strong></span> 
     </span>
     <span class='ocr_line' id='line_1_39' title="bbox 106 3733 1575 3817; baseline -0.012 -7"><span class='ocrx_word' id='word_1_511' title='bbox 106 3764 128 3810; x_wconf 80' lang='grc' dir='ltr'>’τ</span> <span class='ocrx_word' id='word_1_512' title='bbox 144 3735 289 3817; x_wconf 69' lang='grc' dir='ltr'>λιθιιριιιιλι</span> <span class='ocrx_word' id='word_1_513' title='bbox 304 3736 541 3816; x_wconf 70' lang='grc' dir='ltr'>πριιιῖιθινθιῖιιιν</span> <span class='ocrx_word' id='word_1_514' title='bbox 556 3733 646 3813; x_wconf 71' lang='grc' dir='ltr'>ἔφιδιν</span> <span class='ocrx_word' id='word_1_515' title='bbox 659 3735 741 3790; x_wconf 73' lang='grc' dir='ltr'>διαδι·</span> <span class='ocrx_word' id='word_1_516' title='bbox 789 3752 870 3814; x_wconf 84' lang='lat' dir='ltr'><strong>lugere</strong></span> <span class='ocrx_word' id='word_1_517' title='bbox 889 3751 1022 3799; x_wconf 88' lang='lat' dir='ltr'><strong>adrentum</strong></span> <span class='ocrx_word' id='word_1_518' title='bbox 1040 3750 1172 3811; x_wconf 86' lang='lat' dir='ltr'><strong>piratarum</strong></span> <span class='ocrx_word' id='word_1_519' title='bbox 1192 3748 1236 3798; x_wconf 86' lang='lat' dir='ltr'><strong>sibi</strong></span> <span class='ocrx_word' id='word_1_520' title='bbox 1250 3747 1454 3810; x_wconf 83' lang='lat' dir='ltr'><strong>praenuntiatum,</strong></span> <span class='ocrx_word' id='word_1_521' title='bbox 1468 3745 1575 3794; x_wconf 80' lang='lat' dir='ltr'><strong>dixisset.</strong></span> 
     </span>
     <span class='ocr_line' id='line_1_40' title="bbox 105 3820 1575 3901; baseline -0.008 -8"><span class='ocrx_word' id='word_1_522' title='bbox 105 3824 217 3892; x_wconf 72' lang='grc' dir='ltr'>ἶπύνιοι.</span> <span class='ocrx_word' id='word_1_523' title='bbox 262 3826 316 3885; x_wconf 82' lang='grc' dir='ltr'><strong>Καὶ</strong></span> <span class='ocrx_word' id='word_1_524' title='bbox 331 3829 344 3882; x_wconf 81' lang='grc' dir='ltr'><strong>ὁ</strong></span> <span class='ocrx_word' id='word_1_525' title='bbox 366 3824 414 3901; x_wconf 80' lang='grc' dir='ltr'><strong>μὲν</strong></span> <span class='ocrx_word' id='word_1_526' title='bbox 430 3822 554 3881; x_wconf 79' lang='grc' dir='ltr'>ἐλάνθανε</span> <span class='ocrx_word' id='word_1_527' title='bbox 578 3821 612 3880; x_wconf 69' lang='grc' dir='ltr'><strong>τὰ</strong></span> <span class='ocrx_word' id='word_1_528' title='bbox 626 3820 687 3879; x_wconf 79' lang='grc' dir='ltr'>ὄντα</span> <span class='ocrx_word' id='word_1_529' title='bbox 707 3824 742 3888; x_wconf 76' lang='grc' dir='ltr'>ὧι</span> <span class='ocrx_word' id='word_1_530' title='bbox 787 3843 818 3890; x_wconf 82' lang='lat' dir='ltr'><strong>Et</strong></span> <span class='ocrx_word' id='word_1_531' title='bbox 830 3839 899 3888; x_wconf 91' lang='lat' dir='ltr'><strong>iilum</strong></span> <span class='ocrx_word' id='word_1_532' title='bbox 909 3839 1008 3901; x_wconf 90' lang='lat' dir='ltr'><strong>quidem</strong></span> <span class='ocrx_word' id='word_1_533' title='bbox 1021 3837 1118 3896; x_wconf 86' lang='lat' dir='ltr'><strong>latebat,</strong></span> <span class='ocrx_word' id='word_1_534' title='bbox 1129 3836 1195 3899; x_wconf 91' lang='lat' dir='ltr'><strong>quod</strong></span> <span class='ocrx_word' id='word_1_535' title='bbox 1207 3849 1264 3885; x_wconf 88' lang='lat' dir='ltr'><strong>rera</strong></span> <span class='ocrx_word' id='word_1_536' title='bbox 1276 3835 1374 3896; x_wconf 87' lang='lat' dir='ltr'><strong>diceret,</strong></span> <span class='ocrx_word' id='word_1_537' title='bbox 1389 3849 1444 3883; x_wconf 91' lang='lat' dir='ltr'><strong>cum</strong></span> <span class='ocrx_word' id='word_1_538' title='bbox 1460 3833 1575 3895; x_wconf 78' lang='lat' dir='ltr'><strong>figmento</strong></span> 
     </span>
     <span class='ocr_line' id='line_1_41' title="bbox 106 3909 1576 3992; baseline -0.01 -6"><span class='ocrx_word' id='word_1_539' title='bbox 106 3913 174 3992; x_wconf 55' lang='grc' dir='ltr'>ῘΥιιιι·</span> <span class='ocrx_word' id='word_1_540' title='bbox 217 3911 312 3986; x_wconf 58' lang='lat' dir='ltr'><strong>‘lipsa</strong></span> <span class='ocrx_word' id='word_1_541' title='bbox 333 3910 360 3969; x_wconf 66' lang='grc' dir='ltr'><strong>δὲ</strong></span> <span class='ocrx_word' id='word_1_542' title='bbox 373 3910 504 3987; x_wconf 60' lang='grc' dir='ltr'>πνεύμασι</span> <span class='ocrx_word' id='word_1_543' title='bbox 525 3909 619 3983; x_wconf 57' lang='lat' dir='ltr'><strong>imiimi</strong></span> <span class='ocrx_word' id='word_1_544' title='bbox 635 3909 741 3988; x_wconf 66' lang='grc' dir='ltr'>χρησά-</span> <span class='ocrx_word' id='word_1_545' title='bbox 787 3930 823 3979; x_wconf 90' lang='lat' dir='ltr'><strong>uti</strong></span> <span class='ocrx_word' id='word_1_546' title='bbox 837 3929 957 3978; x_wconf 86' lang='lat' dir='ltr'><strong>voluisset.</strong></span> <span class='ocrx_word' id='word_1_547' title='bbox 990 3924 1346 3978; x_wconf 83' lang='lat' dir='ltr'><strong>Nosautemvenlisrioleutis</strong></span> <span class='ocrx_word' id='word_1_548' title='bbox 1361 3926 1412 3984; x_wconf 89' lang='lat' dir='ltr'><strong>usi,</strong></span> <span class='ocrx_word' id='word_1_549' title='bbox 1426 3926 1452 3973; x_wconf 90' lang='lat' dir='ltr'><strong>et</strong></span> <span class='ocrx_word' id='word_1_550' title='bbox 1470 3925 1576 3984; x_wconf 85' lang='lat' dir='ltr'><strong>tempes-</strong></span> 
     </span>
     <span class='ocr_line' id='line_1_42' title="bbox 106 3995 1575 4080; baseline -0.007 -11"><span class='ocrx_word' id='word_1_551' title='bbox 106 4028 143 4076; x_wconf 69' lang='grc' dir='ltr'><strong>ιητ</strong></span> <span class='ocrx_word' id='word_1_552' title='bbox 164 4005 188 4059; x_wconf 80' lang='grc' dir='ltr'>τ’</span> <span class='ocrx_word' id='word_1_553' title='bbox 203 4000 379 4080; x_wconf 74' lang='grc' dir='ltr'>ἆτοοαμοῖχον</span> <span class='ocrx_word' id='word_1_554' title='bbox 395 3999 441 4058; x_wconf 70' lang='grc' dir='ltr'><strong>καὶ</strong></span> <span class='ocrx_word' id='word_1_555' title='bbox 459 3998 588 4064; x_wconf 62' lang='grc' dir='ltr'>κλύδωνας</span> <span class='ocrx_word' id='word_1_556' title='bbox 609 3995 742 4077; x_wconf 73' lang='grc' dir='ltr'>ιἰφραῖαιον</span> <span class='ocrx_word' id='word_1_557' title='bbox 787 4019 862 4067; x_wconf 91' lang='lat' dir='ltr'><strong>tatem</strong></span> <span class='ocrx_word' id='word_1_558' title='bbox 872 4017 983 4066; x_wconf 85' lang='lat' dir='ltr'><strong>intestam</strong></span> <span class='ocrx_word' id='word_1_559' title='bbox 993 4017 1017 4065; x_wconf 85' lang='lat' dir='ltr'><strong>et</strong></span> <span class='ocrx_word' id='word_1_560' title='bbox 1027 4015 1115 4064; x_wconf 89' lang='lat' dir='ltr'><strong>ductus</strong></span> <span class='ocrx_word' id='word_1_561' title='bbox 1126 4013 1259 4064; x_wconf 88' lang='lat' dir='ltr'><strong>horrendos</strong></span> <span class='ocrx_word' id='word_1_562' title='bbox 1269 4013 1361 4076; x_wconf 81' lang='lat' dir='ltr'><strong>experti</strong></span> <span class='ocrx_word' id='word_1_563' title='bbox 1375 4013 1399 4061; x_wconf 87' lang='lat' dir='ltr'><strong>et</strong></span> <span class='ocrx_word' id='word_1_564' title='bbox 1409 4025 1438 4061; x_wconf 89' lang='lat' dir='ltr'><strong>eo</strong></span> <span class='ocrx_word' id='word_1_565' title='bbox 1450 4023 1575 4074; x_wconf 88' lang='lat' dir='ltr'><strong>propemo-</strong></span> 
     </span>
     <span class='ocr_line' id='line_1_43' title="bbox 106 4085 1593 4175; baseline -0.007 -12"><span class='ocrx_word' id='word_1_566' title='bbox 106 4115 133 4163; x_wconf 65' lang='grc' dir='ltr'><strong>ιν</strong></span> <span class='ocrx_word' id='word_1_567' title='bbox 151 4088 294 4147; x_wconf 66' lang='lat' dir='ltr'><strong>irritator</strong></span> <span class='ocrx_word' id='word_1_568' title='bbox 308 4111 336 4146; x_wconf 71' lang='grc' dir='ltr'><strong>ιι</strong></span> <span class='ocrx_word' id='word_1_569' title='bbox 353 4087 426 4168; x_wconf 65' lang='grc' dir='ltr'>παρὰ</span> <span class='ocrx_word' id='word_1_570' title='bbox 448 4087 539 4169; x_wconf 63' lang='grc' dir='ltr'>μικρὸν</span> <span class='ocrx_word' id='word_1_571' title='bbox 561 4085 691 4159; x_wconf 51' lang='lat' dir='ltr'><strong>mimir</strong></span> <span class='ocrx_word' id='word_1_572' title='bbox 708 4088 742 4150; x_wconf 67' lang='grc' dir='ltr'>Εἷι</span> <span class='ocrx_word' id='word_1_573' title='bbox 787 4113 845 4162; x_wconf 89' lang='lat' dir='ltr'><strong>dnm</strong></span> <span class='ocrx_word' id='word_1_574' title='bbox 861 4113 887 4161; x_wconf 92' lang='lat' dir='ltr'><strong>ut</strong></span> <span class='ocrx_word' id='word_1_575' title='bbox 897 4125 946 4161; x_wconf 91' lang='lat' dir='ltr'><strong>non</strong></span> <span class='ocrx_word' id='word_1_576' title='bbox 957 4111 1041 4175; x_wconf 90' lang='lat' dir='ltr'><strong>procul</strong></span> <span class='ocrx_word' id='word_1_577' title='bbox 1053 4111 1083 4159; x_wconf 91' lang='lat' dir='ltr'><strong>ab</strong></span> <span class='ocrx_word' id='word_1_578' title='bbox 1098 4110 1196 4159; x_wconf 86' lang='lat' dir='ltr'><strong>interitu</strong></span> <span class='ocrx_word' id='word_1_579' title='bbox 1205 4109 1343 4158; x_wconf 84' lang='lat' dir='ltr'><strong>abessemus</strong></span> <span class='ocrx_word' id='word_1_580' title='bbox 1357 4106 1532 4170; x_wconf 84' lang='lat' dir='ltr'><strong>pervenientes,</strong></span> <span class='ocrx_word' id='word_1_581' title='bbox 1546 4104 1575 4153; x_wconf 86' lang='lat' dir='ltr'><strong>ad</strong></span> <span class='ocrx_word' id='word_1_582' title='bbox 1591 4137 1593 4141; x_wconf 92' lang='lat'>-</span> 
     </span>
     <span class='ocr_line' id='line_1_44' title="bbox 106 4174 1576 4271; baseline -0.006 -13"><span class='ocrx_word' id='word_1_583' title='bbox 106 4203 110 4236; x_wconf 67' lang='lat'>⁵</span> <span class='ocrx_word' id='word_1_584' title='bbox 125 4176 261 4258; x_wconf 57' lang='grc' dir='ltr'>Κρητικὴν</span> <span class='ocrx_word' id='word_1_585' title='bbox 283 4176 516 4257; x_wconf 60' lang='grc' dir='ltr'>πθῦσωκῑίλαμινι</span> <span class='ocrx_word' id='word_1_586' title='bbox 531 4178 583 4234; x_wconf 60' lang='grc' dir='ltr'><strong>τῶν</strong></span> <span class='ocrx_word' id='word_1_587' title='bbox 604 4198 633 4233; x_wconf 58' lang='grc' dir='ltr'>τι</span> <span class='ocrx_word' id='word_1_588' title='bbox 653 4174 741 4243; x_wconf 58' lang='grc' dir='ltr'>πηδα·</span> <span class='ocrx_word' id='word_1_589' title='bbox 789 4206 981 4271; x_wconf 89' lang='lat' dir='ltr'><strong>promontorium</strong></span> <span class='ocrx_word' id='word_1_590' title='bbox 993 4203 1115 4268; x_wconf 89' lang='lat' dir='ltr'><strong>quoddam</strong></span> <span class='ocrx_word' id='word_1_591' title='bbox 1127 4203 1250 4253; x_wconf 83' lang='lat' dir='ltr'><strong>Creticum</strong></span> <span class='ocrx_word' id='word_1_592' title='bbox 1263 4201 1406 4264; x_wconf 87' lang='lat' dir='ltr'><strong>appulimus,</strong></span> <span class='ocrx_word' id='word_1_593' title='bbox 1419 4199 1496 4248; x_wconf 89' lang='lat' dir='ltr'><strong>altero</strong></span> <span class='ocrx_word' id='word_1_594' title='bbox 1507 4198 1576 4246; x_wconf 81' lang='lat' dir='ltr'><strong>clavo</strong></span> 
     </span>
    </p>
   </div>
   <div class='ocr_carea' id='block_1_4' title="bbox 106 4263 1576 4362">
    <p class='ocr_par' dir='ltr' id='par_1_4' title="bbox 106 4263 1576 4362">
     <span class='ocr_line' id='line_1_45' title="bbox 106 4263 1576 4362; baseline -0.02 4"><span class='ocrx_word' id='word_1_595' title='bbox 106 4290 139 4326; x_wconf 57' lang='lat'><strong>&#39;⁰⁹</strong></span> <span class='ocrx_word' id='word_1_596' title='bbox 154 4265 391 4331; x_wconf 53' lang='grc' dir='ltr'>ἀποὸαλόντεςκαὶ</span> <span class='ocrx_word' id='word_1_597' title='bbox 405 4263 741 4344; x_wconf 49' lang='grc' dir='ltr'>τῆςκεραίαςτὸπλεῑστον</span> <span class='ocrx_word' id='word_1_598' title='bbox 787 4301 874 4351; x_wconf 84' lang='lat' dir='ltr'><strong>amisso</strong></span> <span class='ocrx_word' id='word_1_599' title='bbox 883 4304 908 4351; x_wconf 90' lang='lat' dir='ltr'><strong>et</strong></span> <span class='ocrx_word' id='word_1_600' title='bbox 921 4300 1025 4349; x_wconf 79' lang='lat' dir='ltr'><strong>maxima</strong></span> <span class='ocrx_word' id='word_1_601' title='bbox 1036 4302 1103 4362; x_wconf 90' lang='lat' dir='ltr'><strong>parte</strong></span> <span class='ocrx_word' id='word_1_602' title='bbox 1113 4304 1272 4347; x_wconf 88' lang='lat' dir='ltr'><strong>antennarum</strong></span> <span class='ocrx_word' id='word_1_603' title='bbox 1283 4295 1412 4344; x_wconf 78' lang='lat' dir='ltr'><strong>contracta.</strong></span> <span class='ocrx_word' id='word_1_604' title='bbox 1445 4293 1531 4340; x_wconf 87' lang='lat' dir='ltr'><strong>Visum</strong></span> <span class='ocrx_word' id='word_1_605' title='bbox 1541 4295 1576 4338; x_wconf 87' lang='lat' dir='ltr'><strong>cst</strong></span> 
     </span>
    </p>
   </div>
   <div class='ocr_carea' id='block_1_5' title="bbox 106 4344 1577 4522">
    <p class='ocr_par' dir='ltr' id='par_1_5' title="bbox 106 4344 1577 4522">
     <span class='ocr_line' id='line_1_46' title="bbox 106 4344 1577 4522; baseline -0.022 -59"><span class='ocrx_word' id='word_1_606' title='bbox 106 4344 528 4522; x_wconf 46' lang='grc' dir='ltr'><strong>ἶς’ἡαᾙδόζῖτέἔνᾶξῖἶγῖᾚ</strong></span> <span class='ocrx_word' id='word_1_607' title='bbox 550 4353 744 4518; x_wconf 52' lang='grc' dir='ltr'><strong>ξμέὲζὲατιῖέῑ</strong></span> <span class='ocrx_word' id='word_1_608' title='bbox 789 4399 870 4462; x_wconf 81' lang='lat' dir='ltr'><strong>igitur,</strong></span> <span class='ocrx_word' id='word_1_609' title='bbox 886 4395 1021 4447; x_wconf 82' lang='lat' dir='ltr'><strong>reficiendae</strong></span> <span class='ocrx_word' id='word_1_610' title='bbox 1028 4393 1096 4444; x_wconf 87' lang='lat' dir='ltr'><strong>naris</strong></span> <span class='ocrx_word' id='word_1_611' title='bbox 1108 4406 1181 4442; x_wconf 85' lang='lat' dir='ltr'><strong>causa</strong></span> <span class='ocrx_word' id='word_1_612' title='bbox 1190 4394 1215 4441; x_wconf 89' lang='lat' dir='ltr'><strong>et</strong></span> <span class='ocrx_word' id='word_1_613' title='bbox 1224 4392 1334 4440; x_wconf 85' lang='lat' dir='ltr'><strong>nostrum</strong></span> <span class='ocrx_word' id='word_1_614' title='bbox 1345 4389 1451 4451; x_wconf 81' lang='lat' dir='ltr'><strong>ipsorum</strong></span> <span class='ocrx_word' id='word_1_615' title='bbox 1467 4396 1577 4434; x_wconf 92' lang='lat' dir='ltr'><strong>recrean-</strong></span> 
     </span>
     <span class='ocr_line' id='line_1_47' title="bbox 177 4487 536 4521; baseline -0.014 0"><span class='ocrx_word' id='word_1_616' title='bbox 177 4502 182 4521; x_wconf 93' lang='grc' dir='ltr'><strong>ι</strong></span> <span class='ocrx_word' id='word_1_617' title='bbox 528 4487 536 4516; x_wconf 83' lang='lat' dir='ltr'><strong>t</strong></span> 
     </span>
    </p>
   </div>
   <div class='ocr_carea' id='block_1_6' title="bbox 106 4479 1577 4648">
    <p class='ocr_par' dir='ltr' id='par_1_6' title="bbox 106 4479 1577 4648">
     <span class='ocr_line' id='line_1_48' title="bbox 160 4479 1577 4554; baseline -0.022 3"><span class='ocrx_word' id='word_1_618' title='bbox 160 4532 224 4553; x_wconf 51' lang='grc' dir='ltr'><strong>αι</strong></span> <span class='ocrx_word' id='word_1_619' title='bbox 333 4534 341 4547; x_wconf 64' lang='grc' dir='ltr'>ι</span> <span class='ocrx_word' id='word_1_620' title='bbox 423 4530 429 4549; x_wconf 65' lang='grc' dir='ltr'>ι</span> <span class='ocrx_word' id='word_1_621' title='bbox 515 4529 527 4554; x_wconf 62' lang='lat' dir='ltr'><strong>a</strong></span> <span class='ocrx_word' id='word_1_622' title='bbox 668 4525 676 4546; x_wconf 69' lang='grc' dir='ltr'>ι</span> <span class='ocrx_word' id='word_1_623' title='bbox 789 4495 891 4553; x_wconf 90' lang='lat' dir='ltr'><strong>dorum,</strong></span> <span class='ocrx_word' id='word_1_624' title='bbox 912 4492 963 4541; x_wconf 88' lang='lat' dir='ltr'><strong>dies</strong></span> <span class='ocrx_word' id='word_1_625' title='bbox 985 4491 1078 4553; x_wconf 88' lang='lat' dir='ltr'><strong>aliquot</strong></span> <span class='ocrx_word' id='word_1_626' title='bbox 1098 4489 1123 4536; x_wconf 89' lang='lat' dir='ltr'><strong>in</strong></span> <span class='ocrx_word' id='word_1_627' title='bbox 1145 4486 1224 4535; x_wconf 89' lang='lat' dir='ltr'><strong>insula</strong></span> <span class='ocrx_word' id='word_1_628' title='bbox 1244 4483 1396 4535; x_wconf 81' lang='lat' dir='ltr'><strong>commorari.</strong></span> <span class='ocrx_word' id='word_1_629' title='bbox 1432 4483 1463 4530; x_wconf 83' lang='lat' dir='ltr'><strong>Et</strong></span> <span class='ocrx_word' id='word_1_630' title='bbox 1484 4479 1522 4527; x_wconf 85' lang='lat' dir='ltr'><strong>lais</strong></span> <span class='ocrx_word' id='word_1_631' title='bbox 1544 4479 1577 4526; x_wconf 89' lang='lat' dir='ltr'><strong>ita</strong></span> 
     </span>
     <span class='ocr_line' id='line_1_49' title="bbox 106 4530 1577 4648; baseline -0.024 4"><span class='ocrx_word' id='word_1_632' title='bbox 106 4537 126 4592; x_wconf 52' lang='grc' dir='ltr'><strong>ἓν</strong></span> <span class='ocrx_word' id='word_1_633' title='bbox 144 4557 177 4612; x_wconf 59' lang='grc' dir='ltr'><strong>τῃ</strong></span> <span class='ocrx_word' id='word_1_634' title='bbox 193 4556 275 4611; x_wconf 61' lang='grc' dir='ltr'>νησῳ’</span> <span class='ocrx_word' id='word_1_635' title='bbox 318 4530 373 4590; x_wconf 48' lang='grc' dir='ltr'><strong>Καὶ</strong></span> <span class='ocrx_word' id='word_1_636' title='bbox 386 4555 484 4588; x_wconf 57' lang='grc' dir='ltr'>τουτων</span> <span class='ocrx_word' id='word_1_637' title='bbox 500 4553 567 4588; x_wconf 52' lang='grc' dir='ltr'>ουτω</span> <span class='ocrx_word' id='word_1_638' title='bbox 581 4550 742 4632; x_wconf 35' lang='lat' dir='ltr'><strong>mmm?</strong></span> <span class='ocrx_word' id='word_1_639' title='bbox 788 4590 867 4648; x_wconf 87' lang='lat' dir='ltr'><strong>iactis,</strong></span> <span class='ocrx_word' id='word_1_640' title='bbox 882 4585 1001 4648; x_wconf 82' lang='lat' dir='ltr'><strong>navigatio</strong></span> <span class='ocrx_word' id='word_1_641' title='bbox 1017 4583 1087 4632; x_wconf 84' lang='lat' dir='ltr'><strong>nobis</strong></span> <span class='ocrx_word' id='word_1_642' title='bbox 1102 4582 1190 4631; x_wconf 86' lang='lat' dir='ltr'><strong>iterum</strong></span> <span class='ocrx_word' id='word_1_643' title='bbox 1204 4577 1401 4635; x_wconf 90' lang='lat' dir='ltr'><strong>denuntiabatur,</strong></span> <span class='ocrx_word' id='word_1_644' title='bbox 1417 4572 1458 4621; x_wconf 91' lang='lat' dir='ltr'><strong>ubi</strong></span> <span class='ocrx_word' id='word_1_645' title='bbox 1470 4572 1577 4634; x_wconf 88' lang='lat' dir='ltr'><strong>primum</strong></span> 
     </span>
    </p>
   </div>
   <div class='ocr_carea' id='block_1_7' title="bbox 106 4612 1578 4841">
    <p class='ocr_par' dir='ltr' id='par_1_7' title="bbox 106 4612 1578 4841">
     <span class='ocr_line' id='line_1_50' title="bbox 106 4612 1578 4768; baseline 0.008 -56"><span class='ocrx_word' id='word_1_646' title='bbox 106 4612 227 4768; x_wconf 37' lang='grc' dir='ltr'><strong>ὡξίἶκ</strong></span> <span class='ocrx_word' id='word_1_647' title='bbox 244 4617 443 4766; x_wconf 51' lang='grc' dir='ltr'>πζρηζῖἐλλετῗ</span> <span class='ocrx_word' id='word_1_648' title='bbox 457 4617 564 4764; x_wconf 47' lang='grc' dir='ltr'>πδρώῖἒν</span> <span class='ocrx_word' id='word_1_649' title='bbox 575 4622 682 4761; x_wconf 44' lang='lat' dir='ltr'><strong>{stupui</strong></span> <span class='ocrx_word' id='word_1_650' title='bbox 697 4638 744 4685; x_wconf 58' lang='grc' dir='ltr'><strong>της</strong></span> <span class='ocrx_word' id='word_1_651' title='bbox 789 4684 857 4744; x_wconf 90' lang='lat' dir='ltr'><strong>iuna,</strong></span> <span class='ocrx_word' id='word_1_652' title='bbox 867 4677 1182 4744; x_wconf 84' lang='lat' dir='ltr'><strong>postconjunctionemcum</strong></span> <span class='ocrx_word' id='word_1_653' title='bbox 1191 4674 1250 4733; x_wconf 87' lang='lat' dir='ltr'><strong>sole,</strong></span> <span class='ocrx_word' id='word_1_654' title='bbox 1260 4673 1346 4721; x_wconf 91' lang='lat' dir='ltr'><strong>iterum</strong></span> <span class='ocrx_word' id='word_1_655' title='bbox 1357 4667 1513 4730; x_wconf 76' lang='lat' dir='ltr'><strong>apparuisset.</strong></span> <span class='ocrx_word' id='word_1_656' title='bbox 1546 4666 1578 4714; x_wconf 71' lang='grc' dir='ltr'>Ει</span> 
     </span>
     <span class='ocr_line' id='line_1_51' title="bbox 106 4727 1576 4841; baseline 0.017 -73"><span class='ocrx_word' id='word_1_657' title='bbox 106 4734 156 4768; x_wconf 88' lang='grc' dir='ltr'>,ετα</span> <span class='ocrx_word' id='word_1_658' title='bbox 204 4734 224 4780; x_wconf 77' lang='grc' dir='ltr'><strong>,ν</strong></span> <span class='ocrx_word' id='word_1_659' title='bbox 239 4731 333 4789; x_wconf 85' lang='grc' dir='ltr'>προςη</span> <span class='ocrx_word' id='word_1_660' title='bbox 354 4733 391 4766; x_wconf 89' lang='grc' dir='ltr'><strong>ιον</strong></span> <span class='ocrx_word' id='word_1_661' title='bbox 409 4730 470 4765; x_wconf 89' lang='grc' dir='ltr'>συνο</span> <span class='ocrx_word' id='word_1_662' title='bbox 487 4731 515 4765; x_wconf 92' lang='grc' dir='ltr'><strong>ον</strong></span> <span class='ocrx_word' id='word_1_663' title='bbox 545 4729 573 4763; x_wconf 87' lang='grc' dir='ltr'><strong>πι</strong></span> <span class='ocrx_word' id='word_1_664' title='bbox 593 4727 741 4781; x_wconf 55' lang='lat' dir='ltr'><strong>sinoaddi·</strong></span> <span class='ocrx_word' id='word_1_665' title='bbox 790 4777 888 4841; x_wconf 43' lang='grc' dir='ltr'><strong>Μιθρῇ</strong></span> <span class='ocrx_word' id='word_1_666' title='bbox 907 4777 931 4825; x_wconf 58' lang='lat' dir='ltr'><strong>in</strong></span> <span class='ocrx_word' id='word_1_667' title='bbox 946 4776 1039 4834; x_wconf 48' lang='lat' dir='ltr'><strong>anum,</strong></span> <span class='ocrx_word' id='word_1_668' title='bbox 1053 4768 1200 4834; x_wconf 53' lang='lat' dir='ltr'>w&#39;mnflbus</span> <span class='ocrx_word' id='word_1_669' title='bbox 1214 4766 1263 4827; x_wconf 51' lang='lat' dir='ltr'><strong>jam</strong></span> <span class='ocrx_word' id='word_1_670' title='bbox 1276 4759 1497 4825; x_wconf 52' lang='lat' dir='ltr'><strong>Zephyrisvemqg,</strong></span> <span class='ocrx_word' id='word_1_671' title='bbox 1513 4758 1576 4806; x_wconf 63' lang='lat' dir='ltr'><strong>sere.</strong></span> 
     </span>
    </p>
   </div>
   <div class='ocr_carea' id='block_1_8' title="bbox 106 4791 1576 4964">
    <p class='ocr_par' dir='ltr' id='par_1_8' title="bbox 106 4791 1576 4964">
     <span class='ocr_line' id='line_1_52' title="bbox 106 4791 1432 4876; baseline -0.03 -11"><span class='ocrx_word' id='word_1_672' title='bbox 106 4799 190 4864; x_wconf 68' lang='grc' dir='ltr'>θέντες</span> <span class='ocrx_word' id='word_1_673' title='bbox 217 4798 268 4870; x_wconf 74' lang='grc' dir='ltr'><strong>ἤδη</strong></span> <span class='ocrx_word' id='word_1_674' title='bbox 293 4797 408 4876; x_wconf 88' lang='grc' dir='ltr'>ζεφύρων</span> <span class='ocrx_word' id='word_1_675' title='bbox 436 4798 544 4875; x_wconf 81' lang='grc' dir='ltr'>ἐαρινῶν</span> <span class='ocrx_word' id='word_1_676' title='bbox 573 4791 742 4871; x_wconf 78' lang='grc' dir='ltr'>ύπηχούντων</span> <span class='ocrx_word' id='word_1_677' title='bbox 1428 4852 1432 4864; x_wconf 34' lang='grc'>1</span> 
     </span>
     <span class='ocr_line' id='line_1_53' title="bbox 108 4851 1576 4964; baseline -0.031 -19"><span class='ocrx_word' id='word_1_678' title='bbox 108 4887 212 4960; x_wconf 75' lang='grc' dir='ltr'>,νύκτα</span> <span class='ocrx_word' id='word_1_679' title='bbox 226 4910 254 4945; x_wconf 81' lang='grc' dir='ltr'><strong>τε</strong></span> <span class='ocrx_word' id='word_1_680' title='bbox 268 4885 313 4944; x_wconf 77' lang='grc' dir='ltr'><strong>καὶ</strong></span> <span class='ocrx_word' id='word_1_681' title='bbox 329 4886 429 4964; x_wconf 66' lang='grc' dir='ltr'>ἡμέραν</span> <span class='ocrx_word' id='word_1_682' title='bbox 443 4884 486 4942; x_wconf 68' lang='grc' dir='ltr'><strong>ἐπὶ</strong></span> <span class='ocrx_word' id='word_1_683' title='bbox 506 4883 552 4953; x_wconf 60' lang='grc' dir='ltr'><strong>τὴς</strong></span> <span class='ocrx_word' id='word_1_684' title='bbox 574 4881 680 4942; x_wconf 51' lang='lat' dir='ltr'><strong>Aratu),</strong></span> <span class='ocrx_word' id='word_1_685' title='bbox 694 4886 742 4959; x_wconf 64' lang='grc' dir='ltr'><strong>γῆς</strong></span> <span class='ocrx_word' id='word_1_686' title='bbox 790 4872 875 4921; x_wconf 88' lang='lat' dir='ltr'><strong>bamur</strong></span> <span class='ocrx_word' id='word_1_687' title='bbox 893 4870 956 4920; x_wconf 89' lang='lat' dir='ltr'><strong>diem</strong></span> <span class='ocrx_word' id='word_1_688' title='bbox 977 4872 1001 4918; x_wconf 90' lang='lat' dir='ltr'><strong>et</strong></span> <span class='ocrx_word' id='word_1_689' title='bbox 1023 4868 1135 4926; x_wconf 88' lang='lat' dir='ltr'><strong>noctem,</strong></span> <span class='ocrx_word' id='word_1_690' title='bbox 1153 4861 1313 4925; x_wconf 84' lang='lat' dir='ltr'><strong>gubernatore</strong></span> <span class='ocrx_word' id='word_1_691' title='bbox 1331 4855 1361 4905; x_wconf 89' lang='lat' dir='ltr'><strong>ad</strong></span> <span class='ocrx_word' id='word_1_692' title='bbox 1384 4854 1470 4903; x_wconf 74' lang='lat' dir='ltr'><strong>linear</strong></span> <span class='ocrx_word' id='word_1_693' title='bbox 1485 4851 1576 4900; x_wconf 90' lang='lat' dir='ltr'><strong>terram</strong></span> 
     </span>
    </p>
   </div>
   <div class='ocr_carea' id='block_1_9' title="bbox 106 4943 1575 5053">
    <p class='ocr_par' dir='ltr' id='par_1_9' title="bbox 106 4943 1575 5053">
     <span class='ocr_line' id='line_1_54' title="bbox 106 4943 1575 5053; baseline -0.032 -15"><span class='ocrx_word' id='word_1_694' title='bbox 106 4977 168 5048; x_wconf 82' lang='grc' dir='ltr'>ήτου</span> <span class='ocrx_word' id='word_1_695' title='bbox 179 4974 227 5047; x_wconf 76' lang='grc' dir='ltr'><strong>τὴν</strong></span> <span class='ocrx_word' id='word_1_696' title='bbox 238 4975 338 5033; x_wconf 80' lang='grc' dir='ltr'>ὁλκάδα</span> <span class='ocrx_word' id='word_1_697' title='bbox 348 4979 579 5053; x_wconf 74' lang='grc' dir='ltr'>χειραγωγοῦντες,</span> <span class='ocrx_word' id='word_1_698' title='bbox 623 4966 743 5050; x_wconf 71' lang='grc' dir='ltr'>Ἔφασκε</span> <span class='ocrx_word' id='word_1_699' title='bbox 790 4966 915 5016; x_wconf 85' lang='lat' dir='ltr'><strong>irolcadem</strong></span> <span class='ocrx_word' id='word_1_700' title='bbox 943 4964 1068 5026; x_wconf 78' lang='lat' dir='ltr'><strong>dirigente.</strong></span> <span class='ocrx_word' id='word_1_701' title='bbox 1101 4957 1202 5008; x_wconf 86' lang='lat' dir='ltr'><strong>Dicebat</strong></span> <span class='ocrx_word' id='word_1_702' title='bbox 1222 4954 1303 5012; x_wconf 88' lang='lat' dir='ltr'><strong>enim,</strong></span> <span class='ocrx_word' id='word_1_703' title='bbox 1323 4952 1389 5000; x_wconf 88' lang='lat' dir='ltr'><strong>recta</strong></span> <span class='ocrx_word' id='word_1_704' title='bbox 1412 4951 1437 4997; x_wconf 93' lang='lat' dir='ltr'><strong>et</strong></span> <span class='ocrx_word' id='word_1_705' title='bbox 1460 4943 1575 4994; x_wconf 89' lang='lat' dir='ltr'><strong>continuo</strong></span> 
     </span>
    </p>
   </div>
   <div class='ocr_carea' id='block_1_10' title="bbox 106 5042 1574 5232">
    <p class='ocr_par' dir='ltr' id='par_1_10' title="bbox 106 5042 1574 5232">
     <span class='ocr_line' id='line_1_55' title="bbox 106 5042 1574 5140; baseline -0.025 -18"><span class='ocrx_word' id='word_1_706' title='bbox 106 5071 171 5124; x_wconf 72' lang='grc' dir='ltr'>ισθαι</span> <span class='ocrx_word' id='word_1_707' title='bbox 186 5062 234 5140; x_wconf 82' lang='grc' dir='ltr'><strong>μὲν</strong></span> <span class='ocrx_word' id='word_1_708' title='bbox 249 5062 394 5130; x_wconf 80' lang='grc' dir='ltr'>εύθυύολως</span> <span class='ocrx_word' id='word_1_709' title='bbox 408 5063 452 5120; x_wconf 80' lang='grc' dir='ltr'><strong>καὶ</strong></span> <span class='ocrx_word' id='word_1_710' title='bbox 468 5059 585 5138; x_wconf 77' lang='grc' dir='ltr'>διαμπὰξ</span> <span class='ocrx_word' id='word_1_711' title='bbox 599 5064 742 5139; x_wconf 75' lang='grc' dir='ltr'>περαιωθῆ-</span> <span class='ocrx_word' id='word_1_712' title='bbox 789 5075 876 5121; x_wconf 83' lang='lat' dir='ltr'><strong>cursu,</strong></span> <span class='ocrx_word' id='word_1_713' title='bbox 889 5061 961 5109; x_wconf 84' lang='lat' dir='ltr'><strong>rento</strong></span> <span class='ocrx_word' id='word_1_714' title='bbox 973 5056 1125 5120; x_wconf 88' lang='lat' dir='ltr'><strong>impellente,</strong></span> <span class='ocrx_word' id='word_1_715' title='bbox 1141 5051 1238 5114; x_wconf 82' lang='lat' dir='ltr'><strong>pelagus</strong></span> <span class='ocrx_word' id='word_1_716' title='bbox 1249 5042 1380 5098; x_wconf 84' lang='lat' dir='ltr'><strong>transmitti</strong></span> <span class='ocrx_word' id='word_1_717' title='bbox 1390 5053 1466 5105; x_wconf 81' lang='lat' dir='ltr'><strong>pcase.</strong></span> <span class='ocrx_word' id='word_1_718' title='bbox 1500 5045 1574 5087; x_wconf 81' lang='lat' dir='ltr'><strong>acee-</strong></span> 
     </span>
     <span class='ocr_line' id='line_1_56' title="bbox 106 5131 1574 5232; baseline -0.025 -20"><span class='ocrx_word' id='word_1_719' title='bbox 106 5177 163 5232; x_wconf 81' lang='grc' dir='ltr'>ιγος</span> <span class='ocrx_word' id='word_1_720' title='bbox 172 5157 218 5211; x_wconf 78' lang='grc' dir='ltr'><strong>τοῦ</strong></span> <span class='ocrx_word' id='word_1_721' title='bbox 231 5150 379 5228; x_wconf 85' lang='grc' dir='ltr'>πνεύματος</span> <span class='ocrx_word' id='word_1_722' title='bbox 392 5149 581 5230; x_wconf 81' lang='grc' dir='ltr'>ἐπιτρέποντος,</span> <span class='ocrx_word' id='word_1_723' title='bbox 593 5147 742 5224; x_wconf 75' lang='grc' dir='ltr'>ἐπείγεσθαι</span> <span class='ocrx_word' id='word_1_724' title='bbox 789 5153 865 5212; x_wconf 72' lang='lat' dir='ltr'><strong>letare</strong></span> <span class='ocrx_word' id='word_1_725' title='bbox 876 5154 958 5200; x_wconf 89' lang='lat' dir='ltr'><strong>autem</strong></span> <span class='ocrx_word' id='word_1_726' title='bbox 972 5163 1014 5210; x_wconf 90' lang='lat' dir='ltr'><strong>se,</strong></span> <span class='ocrx_word' id='word_1_727' title='bbox 1028 5150 1055 5197; x_wconf 90' lang='lat' dir='ltr'><strong>ut</strong></span> <span class='ocrx_word' id='word_1_728' title='bbox 1067 5144 1140 5209; x_wconf 82' lang='lat' dir='ltr'><strong>possit</strong></span> <span class='ocrx_word' id='word_1_729' title='bbox 1151 5141 1314 5193; x_wconf 88' lang='lat' dir='ltr'><strong>continentem</strong></span> <span class='ocrx_word' id='word_1_730' title='bbox 1324 5135 1454 5198; x_wconf 78' lang='lat' dir='ltr'><strong>attingere,</strong></span> <span class='ocrx_word' id='word_1_731' title='bbox 1467 5131 1508 5180; x_wconf 89' lang='lat' dir='ltr'><strong>aut</strong></span> <span class='ocrx_word' id='word_1_732' title='bbox 1518 5141 1574 5191; x_wconf 92' lang='lat' dir='ltr'><strong>por·</strong></span> 
     </span>
    </p>
   </div>
   <div class='ocr_carea' id='block_1_11' title="bbox 0 0 1874 5692">
    <p class='ocr_par' dir='ltr' id='par_1_11' title="bbox 0 0 1874 5692">
     <span class='ocr_line' id='line_1_57' title="bbox 0 0 1874 5692; baseline 0 0"><span class='ocrx_word' id='word_1_733' title='bbox 0 0 1874 5692; x_wconf 95' lang='lat' dir='ltr'><strong> </strong></span> 
     </span>
    </p>
   </div>
  </div>
 </body>
</html>
