3726 5692
731 455 1205 617 EROTICA

530 792 1096 958 na'lromomo
1146 837 1395 954 rrum

860 1191 1072 1258 FABULA.

473 1869 568 1938 CAP,
595 1872 622 1937 Ι,
989 1865 1048 1922 trix
1066 1866 1106 1923 ait
1122 1886 1128 1920 :
1146 1864 1206 1923 Cur
1217 1883 1287 1940 ergo
1301 1883 1361 1922 uon
1376 1863 1488 1923 indicas
1500 1865 1577 1942 patri
1592 1865 1662 1923 tuo?
1674 1864 1775 1923 Puella

988 1963 1048 2022 ait:
1064 1962 1102 2020 Et
1115 1962 1165 2021 ubi
1179 1976 1222 2022 est
1236 1963 1335 2041 pater?
1347 1961 1378 2019 Si
1393 1962 1551 2038 intelligis,
1565 1981 1672 2020 nomen
1684 1964 1775 2040 patris

186 2016 263 2129 ,ΡΜ
288 2017 406 2127 ‘mulam
433 2037 484 2076 ¹⁸⁰¹
499 2039 530 2126 Ψ
552 2030 670 2127 ΜΨ
693 2016 864 2125 Anu‘ffch'a’
885 2036 941 2124 ,Μ’
988 2059 1078 2136 periit
1089 2059 1121 2116 in
1136 2077 1192 2118 me.
1206 2057 1321 2135 ltaque,
1336 2076 1373 2115 ne
1383 2057 1438 2114 hoc
1452 2069 1549 2134 pateat
1562 2059 1618 2116 mci
1634 2057 1776 2133 genitoris

156 2132 236 2171 ”¹¹⁰⁸
250 2114 420 2173 Anl¹⁰⁰h¹¹⁸·
435 2113 544 2172 nabun
554 2133 590 2172 ⁸¹
602 2132 841 2190 ³m¹⁸⁵³⁰⁰¹¹l¹¹g⁸
852 2112 940 2170 mmm
988 2154 1098 2226 scelus,
1114 2167 1142 2213 ct
1162 2156 1255 2233 patris
1269 2153 1384 2212 macula
1399 2153 1430 2210 in
1447 2152 1582 2228 gentibus
1598 2155 1775 2225 innotescat,

155 2230 420 2290 speciosissimam,
446 2231 476 2269 m
502 2232 559 2290 qua
588 2225 691 2270 natura
719 2210 793 2270 mhrl
819 2222 939 2268 errauit.
989 2265 1110 2309 mortem
1125 2252 1327 2330 pemmonis
1343 2249 1415 2307 mihi
1429 2250 1588 2309 remedium
1602 2250 1803 2329 placet-Nm

123 2306 227 2376 ὈΜ
251 2327 317 2365 ωω
341 2307 378 2366 ad
402 2306 532 2366 ”ubssem
556 2321 736 2385 pemmm
763 2318 890 2377 aelalem’
914 2317 942 2362 ⁸⁸
991 2316 1068 2418 trix,
1083 2358 1115 2405 ut
1135 2347 1249 2405 audivit
1263 2347 1391 2424 puellam
1413 2346 1518 2404 mortis
1534 2346 1592 2405 sibi
1616 2345 1776 2405 remedium

154 2403 267 2482 species
278 2402 507 2480 pulchritudinis
519 2404 546 2461 ei
559 2417 718 2476 cresceret,
733 2403 816 2460 multi
833 2421 896 2460 eam
911 2422 942 2459 tn
990 2461 1140 2519 quaerere’
1162 2442 1280 2501 blandis
1294 2440 1481 2501 sermonibus
1501 2441 1649 2501 cohortata
1666 2457 1723 2512 est,
1749 2455 1778 2500 et

155 2500 375 2558 mummium
391 2498 593 2578 P⁰⁸⁸¹¹l³b³¹¹t’
613 2514 720 2558 etcum
742 2499 943 2575 magnimdine
989 2539 1138 2616 colloquio
1157 2538 1308 2597 revocavit
1324 2538 1360 2595 ad
1377 2539 1477 2596 vitam.
1494 2537 1590 2596 Patris
1610 2539 1656 2596 sui
1675 2537 1777 2595 volun·

156 2595 380 2674 pollicitationis
388 2594 706 2654 currebant'.Sedcum
714 2594 944 2674 paterdelibera·
990 2635 1040 2692 mi
1056 2635 1222 2693 satisfacere
1236 2633 1407 2694 conabatur·

155 2706 201 2752 ret
211 2692 326 2751 cuidam
337 2693 539 2770 potentissimo
552 2692 641 2749 filiam
655 2712 735 2749 suam
744 2693 776 2750 in
790 2692 943 2750 matrimo-

124 2787 327 2860 ueniundum,
339 2801 459 2864 cogente
470 2790 572 2864 iniqua
584 2786 718 2845 libidinis
730 2786 857 2858 llamma,
871 2787 942 2845 inci·
1290 2805 1383 2869 (Ἀρ.
1413 2803 1473 2869 111·

154 2885 200 2944 dit
212 2885 282 2944 liliae
290 2904 350 2944 suae
359 2905 486 2944 amorem
495 2908 503 2957 ;
511 2886 657 2963 coepitque
667 2904 729 2942 eam
740 2886 866 2963 amplius
880 2885 945 2943 dili·

156 3000 323 3059 gerequam
334 2995 444 3061 patrem
455 2980 617 3060 oportebat.
629 2981 698 3052 Qui,
708 3001 772 3039 cum
789 2982 945 3040 luctaretur
1031 2964 1110 3023 ¹⁰²⁸?
1124 2968 1185 3022 Μ
1204 2985 1256 3022 ¹¹⁶¹
1276 2964 1487 3043 lfflPll⁵⁸l¹¹¹¹¹³2
1503 2963 1638 3022 Simulala
1661 2977 1774 3033 mente,
1792 2993 1817 3031 to

157 3099 224 3137 cum
240 3079 356 3154 surore,
371 3078 519 3157 pugnabat
528 3098 592 3136 cum
606 3077 728 3136 dolore,
743 3078 839 3157 pudo,
852 3079 946 3136 vineit
991 3061 1160 3120 ostendebat
1174 3080 1204 3119 se
1216 3060 1332 3119 civibus
1344 3061 1405 3120 suis
1417 3062 1498 3139 pium
1512 3060 1684 3136 genitorem.
1698 3059 1778 3119 lutra

156 3195 298 3236 mmm,
991 3158 1165 3218 domesticos
1181 3178 1251 3217 vero
1273 3159 1400 3237 parietes
1420 3161 1555 3216 maritum
1573 3177 1604 3216 se
1629 3156 1689 3217 sirae
1710 3159 1778 3216 filiae

471 3286 495 3352 C
502 3286 551 3352 M,
591 3287 620 3352 Η
992 3253 1154 3314 laetabamr.
1165 3253 1209 3326 Et,
1221 3267 1252 3312 ut
1261 3273 1375 3332 semper
1384 3255 1475 3332 impie
1488 3255 1549 3311 lilia
1561 3273 1613 3311 sua
1622 3254 1776 3325 frueretur,

498 3340 505 3351 ⁴
558 3338 564 3351 ⁸
587 3361 589 3365 '
629 3338 635 3351 ⁸
992 3351 1028 3408 ad
1040 3351 1229 3429 expellendos
1244 3353 1400 3430 petitores,
1416 3371 1524 3409 novum
1537 3369 1628 3427 genus
1641 3352 1778 3428 nequitiae

123 3450 149 3490 ¹⁵
199 3439 330 3509 Quadam
344 3439 409 3510 die,
426 3439 490 3497 ¹⁰⁰0
504 3440 599 3518 prima
613 3439 753 3515 vigilans,
769 3438 877 3517 irrupit
898 3460 947 3498 ⁰1¹·
992 3451 1177 3525 excogitavit.
1188 3449 1383 3519 Quaestionem
1397 3447 1599 3527 proponebat,
1612 3448 1713 3506 dicens
1727 3471 1733 3505 :
1746 3448 1777 3507 si
1792 3485 1815 3523 ,ᾖ

158 3534 291 3595 biculum
317 3537 384 3594 liliae
397 3556 474 3608 suae;
492 3537 614 3595 famulos
635 3555 703 3594 §110⁵
724 3536 839 3612 longius
862 3537 946 3614 setlt'li
994 3547 1060 3622 quis
1074 3565 1144 3604 vero
1164 3547 1335 3623 quaestionis
1348 3565 1419 3603 mcae
1434 3546 1608 3603 solutionem
1620 3546 1776 3617 invenerit,

157 3630 264 3710 jussit,
278 3637 361 3710 quasi
373 3655 438 3691 01¹¹ss
453 3634 514 3690 filia
528 3652 580 3691 ⁵1¹³
595 3632 714 3710 aliquod
732 3637 873 3691 secretum
887 3634 946 3691 00¹·
996 3643 1086 3700 liliam
1097 3662 1188 3699 meam
1202 3644 1231 3700 in
1245 3644 1462 3701 matrimonium
1472 3642 1610 3719 accipiet,
1622 3641 1673 3718 qui
1684 3655 1777 3698 autem

158 3727 293 3805 loquium
314 3728 449 3804 haberet,
462 3742 490 3786 et
502 3728 671 3794 stimulante
687 3728 837 3805 cupidinis
861 3728 944 3803 igne,
995 3758 1055 3795 uon
1072 3739 1235 3808 invenerit,
1247 3738 1451 3797 decollabitur.
1467 3736 1532 3794 lam
1548 3737 1670 3815 plurimi
1689 3736 1780 3794 undi-

162 3823 231 3881 liliae
245 3843 305 3883 suae
320 3825 429 3883 nodum
447 3825 625 3901 virginitatis
634 3826 746 3903 erupit,
763 3825 950 3903 perlectoque
995 3853 1052 3910 que
1075 3853 1174 3908 reges,
1198 3833 1328 3911 undique
1349 3834 1499 3912 principes
1524 3833 1644 3910 patriae,
1661 3845 1780 3910 propter

125 3928 154 3968 ²⁰
163 3920 272 3979 scelere
283 3922 376 3980 evasit
390 3921 557 3980 cubiculum
570 3922 637 3980 fitiae
649 3941 719 3980 suae.
734 3920 805 3990 Quae
815 3963 824 3992 ,
836 3921 950 3981 scelesti
995 3927 1199 3986 incredibilem
1212 3931 1338 4007 speciem
1351 3930 1456 4007 puellae
1466 3971 1475 3999 ,
1487 3929 1575 3986 morti
1587 3948 1618 3987 se
1634 3947 1781 4006 propone·
1794 3965 1820 4002 2„

162 4014 258 4093 patris
280 4018 427 4094 impietate
451 4018 579 4096 polluta,
602 4038 667 4076 cum
691 4017 778 4076 vellet
792 4017 903 4090 celare,
918 4019 950 4076 in
996 4024 1076 4086 bant,
1091 4027 1163 4085 Etsi
1183 4027 1263 4103 quis,
1280 4025 1436 4104 prudentia
1448 4026 1629 4096 litterarum,
1645 4026 1782 4103 quaestio

163 4114 363 4192 pavimentum
377 4129 465 4192 ffltttae
481 4117 632 4192 sanguinis
644 4116 821 4175 ceciderunt.
836 4115 949 4175 lit-cum
997 4124 1044 4181 nis
1062 4123 1237 4180 solutionem
1252 4141 1312 4179 nou
1329 4122 1509 4192 invenisset,
1524 4120 1739 4191 decollabatur3
1756 4134 1783 4178 et

162 4207 277 4286 puella,
293 4210 365 4287 quid
381 4211 502 4288 laceret,
519 4213 676 4288 cogitaret,
693 4212 794 4269 nutrix
807 4210 872 4288 ejus
886 4211 952 4270 sub·
998 4231 1084 4297 caput
1097 4220 1159 4291 ejus
1172 4218 1203 4275 in
1218 4228 1310 4294 portae
1325 4217 1440 4292 fastigio
1459 4215 1633 4294 ponebatur,
1648 4229 1679 4274 ut
1696 4215 1783 4272 adve-

164 4304 310 4363 lnlt'olvll.
324 4305 416 4375 Quam
429 4321 461 4365 ul
475 4307 550 4365 vidit
562 4307 652 4365 flebili
664 4308 765 4376 vultu,
782 4307 896 4365 hortata
909 4320 952 4366 est
998 4315 1109 4372 nientes
1124 4313 1153 4371 in
1165 4314 1320 4388 imaginem
1333 4313 1434 4372 mortis
1447 4311 1607 4382 videreust,
1624 4324 1652 4368 et
1666 4323 1783 4368 contur-

129 4406 195 4458 ἵει
214 4400 256 4459 ait
280 4421 287 4457 :
312 4400 390 4470 Quid
409 4402 463 4460 tibi
490 4404 588 4462 vultus
614 4402 747 4460 turbatur
770 4415 799 4460 et
817 4404 952 4461 animun?
998 4405 1147 4481 barentur,
1168 4428 1204 4467 ne
1226 4409 1262 4467 ad
1284 4411 1368 4467 talem
1389 4406 1586 4465 conditionem
1604 4405 1782 4464 accederent.
1797 4432 1823 4471 η

165 4497 268 4556 Puella
281 4499 321 4558 ait
337 4521 344 4557 :
359 4499 453 4558 Chara
467 4502 587 4577 nutrix,
601 4501 689 4558 modo
704 4502 735 4558 in
748 4499 804 4557 boc
815 4498 952 4559 cubiculo
1299 4551 1380 4618 CAP
1402 4566 1408 4586 Ι
1423 4549 1469 4617 lv

166 4595 225 4654 duo
245 4595 358 4655 nobilia
378 4601 497 4657 nomina
515 4600 675 4677 perierunt.
691 4597 798 4656 Nutrix
812 4597 853 4655 ait
869 4617 876 4653 ε
893 4577 960 4655 (1υῆ

166 4691 222 4751 boc
244 4693 336 4753 dicis?
351 4695 452 4754 Puella
466 4699 506 4755 ait
523 4719 529 4754 ε
557 4697 648 4768 Quia,
670 4709 735 4753 ante
758 4694 952 4768 legitimarum
1040 4691 1110 4763 Sed,
1124 4711 1189 4750 cum
1204 4704 1297 4750 tantas
1308 4690 1496 4749 crudelitates
1507 4702 1653 4748 exerceret
1663 4708 1714 4747 rex
1724 4696 1783 4748 An·

167 4789 337 4867 nuptiarum
358 4791 452 4868 diem,
465 4813 543 4851 saevo
561 4793 670 4851 scelere
681 4790 789 4848 violata
803 4808 877 4848 sum.
891 4789 954 4849 Nu·
1001 4789 1132 4862 tiochus,
1147 4789 1322 4868 interposito
1340 4787 1424 4846 brevi
1444 4788 1583 4865 temporis
1598 4787 1704 4865 spatio,
1720 4789 1785 4866 qui·

132 4882 284 4943 ”trixait
308 4886 367 4944 :Et
380 4889 447 4965 quis
468 4902 547 4948 tanta
562 4889 681 4946 audacia
696 4888 774 4961 regis
792 4886 953 4967 virginem,
1001 4888 1066 4945 dam
1101 4885 1219 4963 juvenis
1253 4885 1380 4963 Tyrius,
1410 4885 1547 4963 princeps
1576 4885 1677 4963 patriae
1707 4904 1784 4958 suae,

169 4981 252 5055 regni
269 4981 401 5055 thorum,
427 5004 514 5044 ausus
532 4997 575 5043 est
587 4985 713 5056 violare,
727 5006 780 5045 nec
792 4987 889 5046 timuit
909 5005 954 5045 re·
1002 4984 1132 5062 locuples
1145 4983 1231 5042 valde
1241 5025 1249 5056 ,
1261 4983 1437 5061 Apollonius
1451 4982 1583 5054 nomine,
1594 4984 1743 5042 conlidens
1753 4983 1785 5042 in
1797 5004 1824 5045 ao

170 5078 258 5152 gem?
272 5078 374 5139 Puella
387 5083 427 5140 ait
444 5104 450 5141 :
468 5082 605 5161 Impietas
625 5083 691 5142 lecit
705 5083 762 5142 boc
776 5084 880 5144 soclus.
894 5083 956 5143 Nu·
979 5130 984 5163 ,
1003 5083 1184 5144 abundantia
1206 5083 1387 5159 litterarum,
1403 5081 1542 5159 navigans
1562 5081 1658 5158 attigit
1681 5082 1785 5139 Antio·

970 5195 1005 5236 w
1701 5177 1734 5216 lv.
