3726 5692
540 413 1328 546 PRAEFATIUNCULA.

735 710 1127 747 -.ψ-

912 1023 938 1088 l.

308 1232 346 1296 ln
363 1228 520 1296 Caesareo
545 1224 763 1295 Parisiorum
790 1249 915 1295 museo
962 1225 1095 1296 latinus
1116 1225 1266 1322 quidam
1289 1226 1416 1297 incerti
1437 1232 1593 1301 auctoris

260 1363 459 1420 asservatur
478 1347 598 1419 Codex
628 1351 709 1444 qui,
740 1349 768 1419 si
798 1349 843 1419 ad
859 1363 973 1419 artem
999 1350 1196 1447 respexeris
1211 1350 1409 1422 voluminis
1423 1352 1593 1424 exarandi
1682 1399 1685 1404 -

208 1533 210 1536 ,
258 1486 293 1542 et
307 1470 513 1570 apilicandi,
527 1473 621 1542 intra
633 1486 802 1567 quartum
816 1487 852 1542 et
861 1470 1044 1543 decimum
1054 1472 1203 1569 quidem
1218 1474 1389 1544 saeculum
1399 1474 1568 1546 subsistet
1580 1505 1589 1565 3

257 1597 286 1667 si
302 1611 423 1667 autem
438 1596 547 1667 verba
560 1595 754 1667 attenderis
767 1611 804 1667 et
818 1621 908 1685 rem,
927 1598 1039 1667 aetatis
1054 1597 1121 1668 sibi
1137 1598 1244 1692 longe
1263 1599 1467 1670 remotioris
1482 1598 1592 1671 fidem

258 1718 373 1789 saciet.
388 1725 419 1789 ls
433 1721 604 1790 nimirum
614 1719 718 1810 liber,
738 1744 890 1791 romano
900 1720 984 1792 licet
994 1744 1159 1792 sermone
1170 1723 1390 1820 perscriptus
1402 1776 1411 1812 ,
1425 1724 1461 1792 in
1480 1725 1591 1794 veteri

257 1843 418 1940 quodam
429 1858 526 1915 totus
540 1859 593 1914 est
604 1868 713 1943 opere
728 1845 900 1916 vertendo
915 1869 957 1915 ex
972 1844 1041 1915 alia
1052 1845 1186 1940 lingua,
1199 1871 1323 1943 quam,
1336 1847 1458 1917 multis
1476 1849 1591 1945 iisque

256 1970 470 2063 gravissimis
486 1970 531 2041 de
545 1972 681 2059 causis,
709 1995 859 2065 graecam
873 1995 948 2042 esse
963 1995 1071 2042 nemo
1087 1970 1224 2041 inficias
1239 1973 1330 2042 ierit.
1349 1977 1484 2043 Meram
1494 1974 1590 2044 enim

256 2108 292 2163 et
305 2093 463 2164 vividam
487 2095 730 2184 Graecitatem,
756 2094 856 2165 hunc
877 2094 974 2193 apud
997 2110 1182 2183 nostrum,
1212 2096 1374 2191 quisquis
1389 2111 1461 2186 est,
1479 2097 1589 2168 inter·

255 2232 414 2316 pretem,
443 2217 606 2289 redolent
623 2217 687 2289 tibi
702 2243 786 2289 curn
799 2219 964 2316 plurimae
978 2243 1084 2290 voces
1099 2242 1277 2310 vocumve
1289 2219 1490 2314 juncturae,
1509 2235 1590 2292 tum

256 2340 363 2411 etiam
379 2342 561 2435 agentium
578 2366 642 2412 seu
656 2366 895 2440 personarum
913 2366 1055 2430 mores,
1073 2341 1164 2431 loci,
1187 2344 1456 2439 praesertimque
1470 2343 1588 2415 domi·

255 2465 378 2535 nantia
392 2465 551 2535 nomina.

301 2590 502 2660 sexcenties
520 2615 603 2683 ergo
619 2604 754 2677 noster,
766 2589 855 2660 dum
882 2591 1042 2688 prudens
1058 2590 1294 2660 snloecizantis
1308 2590 1419 2662 latine
1433 2592 1589 2689 speciem

253 2738 325 2811 prae
340 2738 377 2784 se
401 2715 512 2809 gerit,
539 2715 655 2811 reipsa
678 2716 853 2809 graecissat
883 2706 976 2784 inter
992 2713 1228 2799 vertendum3
1256 2728 1291 2784 et
1316 2713 1444 2809 linguae
1473 2718 1585 2806 Latii,

254 2853 426 2936 tanquam
448 2838 493 2909 de
509 2838 707 2928 industria,
726 2839 906 2933 negligens
921 2854 982 2908 aut
996 2837 1143 2926 oblitus,
1161 2837 1314 2907 verbum
1331 2837 1457 2908 saltem
1473 2839 1586 2910 verbo

253 2965 380 3060 satagit
401 2964 570 3054 reddere,
588 2963 738 3060 fidaeque
760 2963 897 3061 oppido
923 2963 1120 3033 curiositati
1136 2962 1307 3032 inservire
1323 2961 1486 3032 destinat.
1503 2963 1586 3033 Cul-

252 3113 336 3186 pam
359 3088 440 3159 ideo
461 3089 570 3176 vitet,
589 3089 662 3157 imo
688 3087 832 3158 laudern
852 3102 1007 3175 mereat,
1035 3086 1063 3155 si
1095 3084 1183 3181 quid
1202 3085 1413 3155 insolentius
1439 3086 1500 3155 hic
1526 3100 1588 3156 aut

253 3212 324 3283 illic
339 3215 457 3285 minus
472 3229 554 3311 apte
580 3213 721 3301 dixerit,
738 3211 861 3308 quoad
875 3225 1055 3310 spectetur
1069 3224 1105 3280 et
1130 3209 1336 3279 conferatur
1351 3209 1513 3279 Tulliana
1526 3210 1587 3281 illa

252 3338 289 3407 in
302 3338 420 3409 verbis
435 3337 594 3409 serendis
614 3339 768 3432 genuina
783 3336 1019 3407 concinnitas.

300 3466 443 3534 Graecos
457 3462 591 3558 alioqui
613 3477 648 3531 et
663 3486 754 3558 pene
774 3461 966 3558 Cecropios
981 3484 1099 3530 mores
1114 3459 1200 3529 lmic
1221 3457 1362 3529 eroticae
1389 3471 1518 3528 nostrae
1541 3456 1586 3527 de

253 3586 444 3683 Apollonio
466 3587 571 3682 Tyrio
598 3586 769 3676 Μυθοποιΐᾳ
797 3583 935 3655 allictos
953 3607 1028 3654 esse
1056 3584 1255 3669 evincatur,
1276 3582 1305 3651 si
1332 3581 1412 3677 quis
1426 3584 1585 3676 Gymna-

252 3711 367 3798 sium,
384 3712 616 3805 Ganeamque
642 3723 678 3777 et
695 3707 908 3804 Neptunalia
925 3731 1008 3777 cum
1029 3706 1103 3776 aede
1119 3704 1322 3795 Artemidis,
1335 3719 1371 3775 et
1385 3718 1511 3774 oaetera
1530 3727 1586 3774 re·

253 3831 394 3927 putabit
418 3857 497 3928 quae
522 3832 654 3929 passim
671 3830 872 3924 legentibus
884 3845 1089 3901 occurrent.

300 3954 441 4051 Ubique
453 3955 530 4050 jam
543 3956 630 4025 Asiae
652 3969 713 4025 aut
729 3953 908 4043 Helladis,
929 3977 1026 4024 nunc
1042 3953 1252 4043 Antiochiae,
1270 3975 1368 4022 nunc
1381 3953 1483 4046 Tyri,
1501 3955 1586 4022 Tar·

253 4077 346 4166 sive,
370 4076 565 4174 Mitylenae,
584 4092 645 4149 aut
671 4076 824 4176 Ephesi,
842 4102 916 4147 non
940 4078 1015 4148 sine
1032 4077 1158 4147 l'estiva
1179 4075 1337 4174 quadam
1359 4089 1393 4145 et
1428 4074 1585 4170 legitima

252 4198 452 4272 mobilitate
480 4226 610 4291 scenae,
640 4227 696 4273 res
720 4203 848 4297 agitur,
878 4200 928 4272 ita
954 4199 1121 4271 videlicet
1146 4214 1187 4270 ut
1210 4223 1289 4295 quae
1313 4222 1423 4293 graece
1455 4199 1587 4296 scripta

252 4338 463 4422 morataque
480 4341 533 4396 est
556 4326 691 4416 fabula,
707 4350 809 4397 eane
834 4326 935 4396 aliter
958 4323 1123 4396 habitare
1136 4339 1174 4394 et
1197 4321 1294 4421 apud
1311 4337 1448 4393 exteras
1464 4336 1585 4416 gentes

253 4461 426 4545 tanquam
440 4449 583 4520 exulare
602 4449 755 4520 dicatur.

299 4572 442 4644 Fabulae
464 4588 585 4646 autem
605 4574 755 4667 hujusce
781 4575 963 4646 amatoriae
979 4588 1109 4646 nostrae
1125 4572 1392 4667 Protagonista‚
1416 4569 1517 4641 haud
1532 4584 1584 4640 te·

254 4721 354 4769 mere
390 4723 432 4770 ac
466 4699 616 4770 fortuito
648 4713 880 4797 nuncupatur
912 4698 1143 4797 Apollonius,
1177 4696 1313 4795 quippe
1355 4696 1413 4766 cui
1458 4693 1585 4791 Apollo

252 4833 348 4891 vates
364 4836 400 4892 et
416 4846 528 4918 augur
538 4823 713 4918 egregiam
730 4822 943 4919 impertierit
954 4822 1182 4916 sagacitatem
1197 4820 1310 4909 illam,
1329 4842 1408 4915 quae
1421 4818 1584 4915 proxime

251 4944 295 5012 ad
319 4944 580 5038 divinationem
604 4946 763 5037 accedit,
787 4961 824 5017 et
849 4945 1030 5018 solvendis
1046 4943 1211 5015 Antiochi
1232 4943 1323 5039 regis
1337 4939 1585 5038 aenigmatibus

889 5080 942 5131 cor
