3726 5692
733 338 848 397 lusan
873 337 938 395 Vll.

12 475 102 550 λάθῃς
114 471 152 536 εἰς
166 467 235 547 μέγα
247 469 328 528 κακδν
344 473 414 546 ἡμᾶς
424 469 563 546 ἐμύάλλων
579 471 715 540 clarebant]
730 469 813 548 Χαρί·

12 567 97 626 χλιια
120 556 264 629 ἐσιώπησε.

62 644 136 708 KB‘.
162 645 217 706 Καὶ
242 645 341 703 τούτων
359 648 385 704 ἐν
403 645 486 723 ταύτῃ
500 649 533 724 τῇ
548 645 638 727 σκέψει
659 645 814 722 διαγόντων,

16 747 37 815 ἡ
55 736 167 808 Κυύέλη
184 736 264 794 πάλιν
279 734 490 815 θναπτερώοασα
504 734 551 805 τὴν
571 733 701 813 Ἀρσάκην
722 733 767 792 καὶ
781 737 815 798 ὡς

18 828 54 891 eh
71 823 212 903 δεξιώτερα
227 822 280 903 χρὴ
291 824 438 901 προσδοκᾶν
453 824 577 896 εἰποῦσα,
594 823 752 905 ἐνδεδεῖχθαι
763 821 814 901 γάρ

24 942 49 976 τι
62 913 106 972 τδν
118 911 256 989 θεαγένην
271 916 403 986 τοιοῦτον,
416 912 560 981 ἐπανῆλθεν
573 913 608 975 εἰς
628 910 658 969 τὸ
672 912 752 980 αὐτῆς
767 911 816 966 δω-

28 1006 130 1080 μάτιον.
174 998 306 1070 Κθκείνην
317 1000 475 1058 διαλιποῦσα
488 998 535 1070 τὴν
543 998 658 1078 ἑσπέραν
670 998 715 1057 καὶ
729 996 815 1055 πολλὰ

33 1092 74 1151 ht
89 1094 135 1163 τῆς
155 1088 246 1154 νυκτὸς
264 1087 400 1187 όμόκοιτον
423 1077 503 1146 ούσαν
529 1086 640 1167 ἐξαρχῆς
662 1084 709 1156 τὴν
733 1084 815 1163 Χαρί-

38 1175 120 1231 κλειαν
144 1169 356 1247 παρακαλεαασα
389 1165 586 1244 συμπράττειν,
615 1169 650 1233 είς
677 1165 712 1226 ἕω
735 1166 814 1224 πάλιν

10 1258 117 1339 θήρύντα
128 1256 172 1317 τόν
187 1254 338 1334 Θεαγένην,
356 1254 414 1312 τίνα
430 1252 470 1326 εἴη
485 1253 519 1313 τὰ
534 1254 686 1332 δεδογμένα.
730 1253 816 1312 Ἀπει-

45 1346 118 1413 οόιοος
129 1345 159 1419 δὴ
173 1346 305 1424 λαμπρῶς
316 1343 362 1402 καί
373 1344 502 1410 παντοίοις
513 1343 543 1402 τὸ
555 1345 701 1422 προσδοκᾶν
713 1340 817 1420 ἀποροί-

48 1457 134 1509 manc,
149 1433 255 1501 σύννους
274 1432 318 1492 ἐπὶ
332 1432 379 1502 τὴν
398 1432 529 1511 Ἀρσάκην
553 1432 704 1511 ἀπέδραμεν
725 1435 815 1502 ἡλίο-

21 1520 25 1531 ’
50 1521 106 1597 tha.
144 1522 201 1585 Καὶ
212 1526 249 1590 ῶς
263 1521 293 1581 τὸ
305 1516 402 1592 ἀπηνές
414 1520 489 1600 παρδι
503 1519 651 1598 Θεαγένους
665 1518 814 1597 ἐξήγγειλε,

52 1608 175 1690 ιλνγραύν
191 1611 234 1670 ἐπὶ
252 1608 369 1690 κεφαλὴν
395 1607 539 1679 ἐξωσθῆναι
553 1607 739 1686 προστάξασα,
762 1609 816 1665 εἷσ-

16 1698 163 1777 ·1δραμῶσά
184 1702 208 1756 τ’
223 1700 260 1764 εἰς
282 1697 327 1756 τδν
348 1697 485 1772 θάλαμον,
503 1695 586 1755 ἔκειτο
609 1696 651 1755 ἐπί
674 1699 721 1767 τῆς
743 1699 817 1766 εὐνῆς

54 1786 114 1858 rixis
136 1786 335 1869 σπαράττουσα.
380 1788 433 1846 Καὶ
458 1784 517 1865 ἄρτι
541 1789 588 1855 τῆς
608 1783 817 1862 γυναικωνίτιδος

55 1874 248 1955 ίοθςγογονυῖαν
269 1872 318 1944 τὴν
335 1873 457 1945 Κυύέλην
479 1873 569 1932 isloi
592 1873 645 1939 ui'oc
657 1871 816 1952 Ἀχαιμένης

56 1966 136 2044 mappis
152 1987 180 2023 τι
195 1962 241 2023 καί
262 1959 479 2042 δεδακρυμένην,
503 1961 549 2032 Μή
561 1985 586 2019 τι
608 1961 719 2033 ἄτοπον,
734 1959 771 2036 μή
792 1984 818 2017 τι

56 2051 158 2130 πονηρὸν,
184 2042 206 2110 oi
229 2056 332 2131 μῆτερ,
347 2050 572 2131 προσπέπτωκεν,
588 2049 696 2129 ἠρώτα,
718 2047 756 2125 μοί
781 2073 818 2114 τις

33 2138 141 2216 ”insila
156 2140 205 2211 τὴν
220 2140 358 2199 δέσποιναν
372 2138 478 2210 ἡνίακε,
495 2138 532 2215 μή
554 2163 578 2195 τι
594 2136 750 2216 δυστύχημα
766 2135 818 2194 ἀπὸ

59 2228 206 2306 assatos
227 2229 441 2311 προσήγγελται;
460 2228 497 2304 μή
512 2250 537 2284 τι
551 2230 728 2285 καταπονοῦσι
750 2222 818 2284 κατδι

59 2312 90 2373 tir
103 2318 225 2378 ἐνεστῶτα
246 2320 361 2395 πόλεμον
375 2318 497 2385 Αἰθίοπες
511 2316 554 2375 τὸν
570 2315 698 2388 δεσπότην
712 2314 818 2394 Ὀροον·

59 2401 128 2481 δίκην,
139 2408 183 2467 καλ
193 2406 280 2466 πολλὰ
289 2412 390 2466 τοιαῦτ’
405 2405 485 2465 εἰπὼν
500 2407 601 2487 ἠρώτα.
645 2403 680 2465 Ἦ
693 2403 736 2477 δέ,
747 2404 819 2464 Ἀδο-

59 2488 150 2573 λίσγεῑς,
165 2499 292 2565 ιίπυῒισα,
310 2494 467 2576 ἀπέτρεχεν.
511 2494 545 2555 ‘0
558 2493 585 2552 δέ
622 2492 695 2553 οὐδέν
707 2516 732 2551 τι
748 2495 819 2568 μᾶλ-

35 2576 92 2637 {im
100 2582 168 2658 hlei,
177 2584 248 2642 ἀλλὰ
260 2586 466 2662 παρακολουθῶν
479 2582 524 2642 καί
536 2586 587 2640 τῶν
597 2586 691 2662 χειρῶν
704 2580 819 2657 λαθόμε-

1588 345 1643 395 aas

860 476 956 539 quadiu
971 488 1084 536 maguum
1095 476 1184 523 malum
1195 488 1239 523 nos
1253 474 1380 535 conjicies,
1394 488 1449 522 cnm
1458 475 1555 523 dixisset
1566 476 1646 524 Chari-

860 565 924 624 clen,
939 565 1063 614 conticuit.

891 656 967 703 xliii.
983 652 1024 700 liis
1034 654 1114 701 autem
1124 651 1149 700 in
1159 651 1245 700 harum
1259 664 1339 700 rerum
1350 651 1539 700 consideratione
1553 665 1647 700 versari*

861 746 937 803 tibus,
948 745 1050 807 cybele,
1064 758 1119 793 cum
1136 757 1219 793 rursus
1230 749 1333 793 Arsacen
1352 744 1376 792 in
1390 744 1478 792 bonam
1491 758 1558 805 spem
1568 748 1648 792 sushr-

861 837 925 887 limet
934 840 958 886 et
968 837 1033 900 quod
1046 837 1145 886 meliora
1157 837 1296 898 exspectare
1305 838 1427 899 oporteret
1442 837 1556 895 dixisset,
1573 837 1645 897 signi·

862 929 943 979 dcasse
963 931 1027 979 enim
1050 929 1096 978 tale
1116 929 1229 992 quiddam
1251 929 1416 992 Theogenem,
1435 930 1506 979 rediit
1521 943 1604 978 rursus
1625 932 1649 977 in

862 1019 977 1069 conclave
987 1018 1153 1067 etintermissa
1165 1019 1205 1067 iila
1213 1012 1327 1080 ve'spera,
1337 1030 1366 1066 ac
1375 1017 1458 1067 multis
1474 1018 1552 1066 modis
1564 1018 1649 1067 Chari-

861 1112 953 1170 cleam,
966 1125 1040 1174 quam
1055 1111 1145 1161 sociam
1163 1111 1218 1161 lecti
1235 1112 1302 1161 initio
1318 1111 1448 1173 habuerat,
1465 1112 1606 1172 adhortata,
1623 1117 1650 1162 ut

861 1206 906 1255 sibi
918 1208 981 1255 esset
1002 1207 1107 1267 auxilio,
1125 1219 1196 1256 mane
1209 1219 1291 1256 rrimus
1307 1206 1469 1268 interrogabat
1485 1208 1648 1269 Tlreagenem,

861 1300 919 1363 qnid
932 1301 1055 1351 statuisset
1070 1300 1135 1364 apud
1149 1301 1267 1349 animum.
1300 1304 1362 1350 curn
1378 1304 1459 1350 aulem
1475 1303 1599 1351 manifeste
1611 1317 1648 1351 re·

861 1397 956 1444 cusaret
965 1397 988 1444 et
998 1395 1096 1444 omnino
1111 1392 1283 1456 nequidquam
1298 1394 1416 1456 ejusmodi
1436 1399 1600 1458 exspectaret,
1612 1396 1650 1444 in·

861 1487 976 1548 dicasset,
992 1487 1067 1536 tristis
1093 1486 1124 1535 ad
1145 1492 1246 1536 Arsacen
1266 1486 1366 1536 recurrit
1386 1487 1483 1549 cybele.
1517 1491 1648 1550 Postquam

862 1584 942 1630 antem
953 1582 1068 1630 ferociam
1079 1581 1212 1643 Theogenis
1227 1581 1387 1639 renuntiavit,
1399 1587 1503 1642 Arsace,
1515 1597 1562 1631 ann
1574 1583 1597 1631 iu
1610 1597 1650 1632 ra·

863 1677 905 1736 put
917 1674 1059 1737 praecipitari
1069 1676 1148 1735 jussa,
1171 1675 1294 1724 incurrens
1306 1676 1331 1724 in
1343 1675 1496 1738 thalamum,
1506 1676 1601 1736 jacebat
1622 1678 1646 1726 in

863 1769 925 1816 lecto
936 1781 961 1817 se
971 1769 1046 1830 ipsam
1056 1768 1171 1817 lacerans.
1204 1768 1312 1817 vixdum
1319 1771 1400 1817 autem
1409 1770 1524 1819 conclave
1534 1770 1649 1819 arruliehre

862 1873 981 1923 egressam
991 1860 1096 1923 Cybelen
1107 1860 1259 1922 conspicatus
1275 1860 1339 1910 trtius
1348 1862 1505 1912 Achaemenes
1519 1863 1610 1912 tristem
1627 1868 1651 1913 et

863 1960 1047 2008 lacrimantem:
1070 1961 1134 2007 Num
1159 1936 1218 2019 quid
1234 1958 1365 2019 importuni
1387 1962 1429 2008 aul
1443 1960 1550 2020 molesti,
1561 1967 1651 2023 mater,

863 2058 968 2109 accidit?
991 2057 1200 2120 percunctabatur.
1232 2058 1295 2107 ilum
1315 2058 1380 2120 quod
1395 2060 1508 2108 nuntium
1530 2061 1652 2110 dominam

863 2164 1003 2214 excruciat?
1018 2165 1081 2212 llum
1098 2162 1177 2224 aliqua
1190 2162 1315 2211 calamitas
1325 2176 1354 2211 ex
1364 2164 1448 2212 castris
1459 2166 1594 2215 renuntiata
1601 2169 1653 2216 cst?

864 2268 928 2316 ilum
943 2265 1023 2313 hostes
1033 2264 1092 2312 sunt
1097 2263 1233 2324 superiores
1241 2262 1266 2311 in
1275 2262 1322 2311 hoc
1334 2262 1397 2311 bello
1407 2263 1546 2326 AEtblopum
1556 2265 1653 2315 domino

865 2362 1020 2413 oroondate?
1034 2363 1059 2411 et
1070 2361 1146 2410 muita
1159 2359 1276 2421 ejusmodi
1295 2361 1427 2423 quaerebat.
1460 2361 1502 2410 llla
1516 2375 1574 2411 xero
1585 2399 1591 2421 ,
1602 2366 1652 2412 Nu·

865 2465 940 2529 garis,
952 2476 1008 2513 cnm
1025 2461 1137 2518 dixisset,
1153 2460 1263 2509 recurrit.
1298 2463 1329 2509 ht
1340 2461 1380 2509 ille
1401 2461 1563 2523 nihilomagis
1581 2464 1653 2512 inter-

865 2559 990 2620 mittebat,
1009 2559 1051 2610 ced
1065 2561 1182 2610 allectans
1204 2562 1230 2609 et
1250 2572 1337 2608 manus
1351 2560 1403 2620 ejus
1427 2562 1608 2624 apprehendens
1631 2572 1654 2617 et

61 2670 137 2731 aul
158 2671 392 2746 κατασπαζόμενος
409 2669 568 2749 ἐξαγορεύειν
588 2668 653 2749 πρὸς
673 2670 755 2726 παῖδα
778 2668 821 2727 τὸν
866 2661 1068 2724 compellamur
1087 2663 1217 2723 exponeret
1231 2674 1275 2709 suo
1289 2660 1339 2709 silio
1352 2674 1395 2722 ea,
1415 2676 1470 2723 ηοω
1493 2663 1558 2711 111οιο
1572 2663 1655 2713 dolore

61 2749 106 2813 θον
115 2758 144 2817 rt
154 2760 289 2819 λυποῦντα
301 2760 411 2818 ίκέτευε.
866 2758 1005 2820 afficerent,
1019 2758 1177 2821 supplicabat.

89 2844 140 2907 [Γ.
160 2846 290 2909 ιλαύοῦσα
304 2846 337 2918 δὴ
350 2847 427 2905 αὐτὸν
439 2846 484 2904 καί
501 2850 538 2912 εἷς
549 2869 574 2902 τι
588 2842 666 2924 μέρος
679 2849 724 2902 τού
737 2868 821 2923 πορο·
899 2861 987 2908 xlllll.
1006 2860 1110 2920 Accepto
1118 2859 1189 2922 igitur
1204 2858 1245 2908 illo
1255 2872 1269 2908 a
1278 2872 1368 2919 manti,
1381 2859 1545 2922 inquamdam
1560 2863 1653 2923 partem

62 2925 124 2993 δύω
140 2934 416 3015 λωθῑσθῑῗσονλλλλῳ
437 2933 483 3009 pis
508 2935 555 2991 οὐκ
570 2930 618 3005 ἂνι
639 2929 708 3010 ἔθην
722 2930 821 2999 ἐξεῖπον
868 2946 931 2996 horll
941 2947 1065 3005 secedens,
1076 2947 1121 2996 xlii
1137 2947 1350 3010 quidem,lnqnit‚
1362 2961 1409 2996 non
1421 2950 1583 3010 exposuissem
1602 2963 1655 2998 urea

37 3014 209 3093 “limisit
228 3023 275 3081 mi
290 3021 425 3093 tenella<
441 3019 522 3079 κοκᾶ·
566 3018 678 3078 'Emit’
694 3019 780 3089 ἐκείνη
796 3021 823 3076 ἕν
868 3035 1009 3084 eldominm
1018 3037 1091 3084 mala.
1125 3039 1255 3097 Postquam
1266 3050 1323 3086 vero
1335 3036 1375 3085 illa
1390 3037 1413 3085 in
1431 3051 1554 3086 summum
1569 3037 1654 3086 discri-

62 3102 164 3181 visast
187 3112 293 3171 σαλεύει
317 3108 391 3188 κάγὼ
411 3109 454 3168 τὸν
469 3109 529 3188 περὶ
554 3112 599 3166 τοῦ
615 3111 660 3178 ζῆν
685 3107 823 3187 προσδοκῶ
869 3138 923 3173 men
934 3126 1033 3174 renitet
1047 3138 1090 3186 ego
1106 3127 1219 3186 exspecto
1230 3125 1363 3186 periculum
1379 3125 1409 3174 de
1421 3125 1562 3184 vita,lseio
1575 3126 1655 3185 enim,

63 3188 165 3278 ιθοιιοιι,
178 3190 255 3277 (οἶδα
267 3199 319 3279 γὰρ
331 3203 366 3265 ὡς
380 3204 397 3270 ἡ
412 3197 542 3277 Ἀρσάκης
555 3196 615 3254 ἀνία
630 3196 675 3255 κοί
690 3195 771 3272 ltalia
788 3198 824 3262 tit
868 3212 934 3275 quod
947 3215 1046 3260 Arsaces
1058 3210 1163 3259 amentia
1172 3223 1201 3257 ao
1212 3209 1279 3258 hrror
1288 3210 1313 3258 in
1324 3223 1362 3259 me
1370 3211 1401 3259 sit
1411 3211 1605 3273 redundaturus)
1618 3214 1655 3262 di-

65 3275 276 3368 minoratio),
296 3287 381 3363 λέγειν
394 3284 596 3365 ἀναγκάζομαι,
612 3285 635 3341 ti
651 3282 684 3356 δή
696 3307 754 3343 τοο
766 3286 825 3343 itit·
869 3313 924 3349 cera
934 3312 1016 3363 cogor,
1031 3299 1050 3348 si
1063 3298 1125 3348 torte
1133 3297 1240 3359 altqunm
1252 3309 1323 3359 opem
1335 3295 1371 3357 ei,
1381 3309 1437 3358 quae
1452 3298 1477 3346 te
1495 3298 1577 3359 genuit
1594 3300 1618 3347 et
1632 3301 1656 3347 in

63 3372 184 3456 lt*pinarii
198 3375 363 3455 γεννησάση,
380 3374 426 3433 καί
446 3377 482 3442 είς
498 3377 552 3455 φῶς
565 3371 757 3453 πορογογοῦοῃ
779 3371 825 3431 sal
868 3389 948 3438 iucem
960 3386 1034 3437 edidit
1045 3389 1069 3436 et
1090 3386 1127 3435 his
1142 3385 1258 3435 enutrivit
1276 3383 1403 3440 uberibus.
1417 3386 1554 3446 excogitare
1572 3386 1656 3447 possis.

40 3460 163 3535 'moola
195 3463 376 3546 ἐκθρεψομένῃ
400 3487 429 3523 οο
455 3471 510 3531 τοῖς
535 3465 625 3535 μοζοῖς
649 3461 823 3533 imminuas·
869 3477 940 3528 Amat
949 3474 1191 3537 adolescentem,qui
1205 3475 1242 3523 est
1252 3472 1315 3535 apud
1328 3486 1385 3532 nos,
1402 3471 1513 3534 domina,
1528 3487 1576 3522 non
1598 3474 1657 3525 lole-

64 3534 163 3629 1pieni
179 3551 240 3611 νέου
259 3558 305 3612 τοῦ
326 3557 389 3634 παρ’
406 3556 470 3630 ἡμῖν
495 3557 512 3623 ἡ
536 3551 659 3609 δέσποινα
674 3549 719 3607 καλ
733 3552 781 3631 ἐρᾷ
797 3553 824 3608 ού
870 3564 945 3614 raudo
961 3563 1081 3626 quodam,
1096 3576 1172 3626 neque
1191 3562 1295 3622 usitato,
1310 3561 1351 3610 sed
1373 3560 1496 3610 insanabili
1517 3575 1613 3623 aurore,
1633 3566 1657 3612 et

64 3636 147 3711 λογοτόι
160 3662 219 3699 τινα
240 3640 299 3698 obal
323 3638 509 3717 νενομισμένον
531 3640 589 3696 ἀλλ’
606 3636 711 3696 ἀνίατον
726 3637 824 3716 ἔρωτα,
869 3666 942 3716 quem
964 3666 1007 3715 ego
1029 3655 1054 3702 el
1075 3652 1116 3701 illa
1130 3651 1199 3701 nobis
1218 3665 1250 3701 ex
1269 3650 1388 3700 sententia
1409 3652 1553 3700 eventurum
1570 3654 1658 3701 trustra

63 3719 126 3785 ’θέο
144 3728 179 3795 οδ(
203 3730 279 3808 &ipo
300 3718 476 3810 κατορθώσειν
491 3726 543 3806 ἐγώ
562 3750 590 3785 τε
614 3726 723 3798 κάκείνη
739 3726 824 3803 μάτην
871 3754 987 3803 vanaspe
1001 3741 1166 3803 sperabamus.
1200 3741 1342 3789 Hincerant
1360 3739 1400 3787 illa
1413 3739 1489 3788 multa
1503 3740 1659 3790 humanitatis

62 3804 210 3895 ίῦοίμιθα.
256 3817 312 3876 Καὶ
325 3809 404 3876 οὗτοι
415 3808 483 3889 ἦσαν
494 3819 521 3874 αἱ
533 3815 630 3875 πολλοὶ
640 3814 825 3896 φιλοφροσύναι
870 3830 950 3879 officia
962 3833 987 3878 et
1002 3829 1131 3890 multiplex
1146 3828 1311 3877 benevolentia
1324 3840 1380 3889 erga
1398 3827 1509 3889 hospites.
1544 3833 1658 3879 celerum

63 3895 216 3967 almeon
230 3904 359 3974 δεξιώσεις
382 3909 409 3964 αἱ
425 3904 485 3985 περί
498 3904 557 3970 τοὺς
572 3903 665 3973 ξένους.
710 3903 788 3964 Ἐπεί
802 3907 824 3962 δ’
871 3921 1014 3983 postquam,
1028 3918 1056 3965 ut
1068 3917 1158 3966 stultus
1169 3916 1267 3978 qnidam
1281 3921 1305 3965 et
1319 3917 1384 3965 terox
1394 3919 1419 3965 et
1429 3916 1585 3965 intractabilis
1600 3917 1658 3965 ado·

64 3984 132 4066 ’λίθος
142 3994 179 4064 τίς
190 3995 237 4054 καὶ
248 3995 343 4075 θρασύς
357 3993 394 4055 ῶν
415 3994 460 4055 καλ
472 3994 573 4066 ἀπηνὴς
586 3997 600 4051 ό
613 3991 716 4060 νεανίας
728 3994 825 4052 ἀπεῖπε
871 4008 975 4067 tescens,
999 4007 1118 4056 recusarit
1132 4019 1173 4065 ea,
1189 4018 1245 4067 quac
1265 4018 1310 4054 nos
1325 4004 1479 4065 volebamus,
1496 4018 1575 4068 neque
1593 4007 1658 4054 illam

62 4071 151 4163 1δορός
165 4088 253 4162 ἡμᾶς,
268 4083 324 4143 οὔδ’
337 4083 438 4156 ἐκείνην
453 4073 511 4142 οίδα
525 4081 706 4163 βιωσομένην,
720 4084 825 4156 κάμαυ·
871 4096 982 4146 existimo
1003 4108 1055 4144 esse
1075 4095 1193 4143 victuram
1208 4095 1233 4143 et
1250 4107 1289 4142 me
1308 4094 1462 4143 intersectum
1484 4094 1512 4142 iri
1536 4095 1657 4156 intelligo;
1758 4098 1765 4115 ⁸

62 4160 330 4253 ῖλοθναιρησομένην,
351 4175 386 4240 ῶς
398 4173 569 4253 χλευάσασαν
581 4180 638 4239 ταῖς
660 4170 827 4249 ἐπαγγελίαις
871 4197 926 4246 qum
942 4182 1063 4244 promissis
1075 4182 1140 4231 illam
1150 4182 1254 4231 ludibrio
1268 4180 1392 4230 habuerim
1410 4186 1434 4231 et
1449 4181 1581 4231 ietellerim.
1616 4184 1660 4232 illc

63 4252 95 4313 '¹1
110 4260 329 4342 διαψιυσαμένην.
371 4264 456 4322 Ταῦτ’
482 4249 609 4335 isram}
632 4265 690 4319 παῖ.
732 4260 787 4320 ital
805 4264 827 4320 et
871 4273 907 4321 est
921 4273 997 4321 status
1013 4270 1275 4333 praesentaremus,
1308 4269 1382 4343 Quod·
1399 4270 1489 4332 siquid
1505 4270 1593 4331 habes,
1611 4284 1660 4332 quo

63 4338 170 4429 strigare
183 4374 209 4409 τι
227 4351 345 4428 βοηθεῖν,
369 4348 541 4430 σύμπραττε,
555 4349 578 4406 εἰ
590 4346 617 4405 δὲ
633 4348 687 4426 μὴ,
703 4347 827 4420 τελευτή·
871 4359 1005 4421 auxilieris,
1023 4359 1086 4409 adsis
1099 4359 1157 4408 milri
1173 4362 1215 4408 tua
1231 4372 1277 4420 ope
1288 4376 1294 4407 ι
1307 4359 1343 4407 sin
1358 4359 1450 4418 minus,
1470 4363 1572 4408 mortum
1589 4359 1659 4407 matri

63 4446 127 4497 ὀοον
144 4438 192 4512 τὴν
208 4438 311 4518 μητέρα
325 4438 430 4509 κῆδευε.
475 4438 530 4499 Καὶ
551 4436 593 4509 ὃς,
608 4436 708 4502 Μιοθδτ
731 4435 758 4495 δέ
783 4460 827 4513 μοι
870 4448 1117 4510 iustaexsequiarum
1132 4447 1214 4496 tacito.
1249 4447 1291 4495 illc
1308 4449 1408 4495 autem:
1429 4448 1559 4496 Praemium
1577 4448 1659 4494 aretem

31 4552 36 4557 ·
64 4514 424 4608 1δίστομέρημίιμῆτεργ
465 4528 507 4587 Oi
521 4525 572 4602 γάρ
587 4547 632 4601 μοι
643 4523 733 4604 καιρὸς
745 4526 826 4604 θρύπ-
871 4536 937 4601 quod
950 4536 1197 4600 mihi,inquit,erit,
1214 4537 1407 4598 molestiisque
1422 4536 1486 4583 enim
1499 4537 1535 4583 est
1550 4536 1659 4596 tempus,

62 4614 132 4671 οοθαι
153 4614 220 4695 πρός
242 4637 289 4687 σε,
312 4615 366 4672 οὐδ’
380 4617 410 4674 ἐκ
424 4612 567 4694 περιόδων,
580 4610 638 4671 οὐδὲ
652 4611 828 4689 κυκλούμενον
872 4629 901 4674 nt
911 4625 974 4687 apud
987 4628 1011 4675 te
1024 4639 1063 4675 me
1078 4625 1180 4687 jactem,
1203 4626 1246 4674 aut
1260 4623 1336 4686 longis
1358 4623 1500 4686 ambagibus
1518 4625 1543 4672 et
1555 4623 1659 4672 circuitu

62 4702 99 4765 'lit
114 4701 198 4783 λόγοις
210 4702 259 4774 τλν
281 4702 402 4783 βοήθειαν
428 4702 655 4781 ἐπαγγέλλεσθαι,
670 4703 734 4780 πρὸς
747 4700 829 4770 ούτως
872 4715 987 4763 orationis
1004 4713 1123 4763 auxilinm
1144 4713 1387 4777 promittam,usqne
1400 4711 1460 4761 adeo
1482 4713 1660 4774 consternatae,

61 4780 192 4863 θναῶσαν
208 4790 342 4869 καὶέγγίις
356 4793 578 4873 λειπομυχοῦσαν.
625 4789 712 4850 Πᾶνό
723 4814 748 4848 τι
764 4789 829 4870 βού-
873 4806 897 4853 et
911 4802 1086 4865 propemodum
1098 4803 1218 4853 deficienti
1238 4802 1328 4852 animo.
1362 4803 1454 4862 Omne,
1467 4800 1533 4862 quod
1550 4800 1601 4860 vis,
1616 4815 1660 4851 ex·

59 4867 99 4949 ίο,
117 4878 181 4961 ipa,
202 4879 390 4959 προσδόκα,ἡ
417 4880 534 4952 Κυύέλη.
578 4878 766 4959 Ἀρχιοινοχόον
782 4877 828 4955 μέν
873 4893 968 4954 specta,
985 4891 1064 4953 inquit
1075 4891 1173 4953 cybele.
1208 4892 1301 4941 Etenim
1318 4892 1344 4940 ta
1355 4901 1526 4951 huncquoque
1537 4902 1661 4940 summum

56 4960 134 5045 lipsa
146 4967 193 5027 arat
204 4973 250 5026 νῦν
271 4971 307 5035 εἰς
327 4965 394 5044 ἐμὴν
414 4966 494 5045 τιμὴν
516 4967 668 5040 πεποίηται.
712 4970 744 5028 Ei
757 4969 785 5026 δέ
803 4992 830 5027 τι
874 4975 1446 5043 pocillatorem,lionorismeicausaconstiluit.
1478 4977 1503 5029 Si
1519 4991 1576 5028 vero
1588 4979 1661 5040 majo

52 5054 128 5125 μεῖζον
150 5054 256 5132 θξίωμα
273 5064 415 5135 πιρινοιῖς,
435 5056 597 5135 ἀπάγγελλε.
642 5055 762 5115 Πλούτου
778 5054 829 5137 γὰρ
875 5084 925 5119 rem
944 5068 1049 5131 aliquam
1065 5068 1207 5130 dignitatem
1230 5067 1312 5116 animo
1331 5067 1472 5129 complexus
1490 5079 1529 5127 es,
1552 5068 1659 5120 enuntia.

50 5138 96 5203 nii*
108 5142 214 5226 δριθμὸς
227 5142 303 5205 ἔσται
316 5141 376 5205 taos
386 5142 418 5204 δν
430 5143 568 5223 κομίσαιο,
580 5142 669 5226 σωτὴρ
681 5148 727 5217 τῆς
739 5145 830 5213 ἀθλίας
874 5160 954 5220 ομνια
968 5157 1033 5208 enlm
1046 5169 1125 5220 nequa
1141 5169 1256 5207 numerus
1264 5157 1327 5218 erit,
1339 5168 1399 5220 quas
1409 5168 1453 5220 pro
1472 5156 1573 5220 praemlo
1586 5156 1661 5219 (σιω,
