3726 5692
158 320 215 370 448

158 437 332 504 ἀποθανόντος
353 435 482 516 Χαιρέου.
524 433 561 494 Τί
578 432 683 504 ποιήσω
707 431 849 510 δυστυχής;
873 429 947 509 παρὰ

158 529 284 588 δεσπότου
302 527 349 603 μὲν
370 525 421 604 γδιρ
434 523 544 597 ήλπιζόν
558 546 587 581 τε
600 522 761 599 κομίσασθαι
776 521 821 579 καὶ
835 529 887 586 τοῖς
900 519 946 579 λύ·

157 640 227 692 τροις
242 615 387 684 ἐπίστευον,
403 611 443 670 ότι
457 612 542 669 πείσω
555 611 599 668 τὸν
623 610 803 689 ἀγοράσαντα.
846 611 902 670 Νῦν
922 610 947 666 δ’

158 704 257 785 εύρηκά
272 726 301 761 σε
314 701 456 776 πλουσίαν,
472 699 543 779 τάχα
556 698 601 757 καὶ
618 699 751 778 βασιλίδα.
784 697 866 776 Πόσῳ
880 697 901 755 δ’
915 695 947 754 ἀν

131 792 340 872 εεύτυχέστερος
366 793 495 868 ὑπῆρχον,
519 786 543 845 εί
566 811 593 844 σε
616 786 791 866 μοιχεύουσαν
815 783 945 864 εθρήκειν.

567 302 765 363 cflnhlloh
788 301 840 359 DE
862 300 1032 360 CHAEREA
1054 298 1372 358 ercunualdus

992 436 1100 486 climreae
1112 436 1210 498 quidem
1223 437 1284 486 lata.
1319 438 1384 494 Quid
1394 450 1474 501 agam,
1485 438 1573 488 miseri
1588 436 1621 486 ab
1632 437 1694 487 hero
1702 441 1778 499 terpe

992 529 1075 578 raham
1088 530 1163 590 serre,
1183 531 1307 592 pretioque
1319 531 1474 582 redemtionis
1484 531 1637 582 contldeham
1654 544 1724 595 posce
1734 546 1777 583 en·

991 624 1068 671 torem
1084 621 1108 670 in
1122 635 1172 671 rem
1183 635 1262 673 meam
1274 624 1394 686 pellicere.
1427 627 1498 675 Nunc
1506 627 1588 675 autern
1599 624 1682 675 inveni
1694 626 1719 676 le
1727 626 1776 675 diri

991 718 1283 780 tem,etlortereginsm.
1316 723 1490 783 oquanioego
1498 733 1565 770 eram
1575 720 1776 781 felicior,aiteret

991 812 1126 861 adulteram
1137 811 1356 874 deprehendissem.
1388 815 1482 864 Siccine
1490 813 1638 877 Dionysium
1647 813 1777 878 aggred'nrt

156 879 234 941 Εἴπω
248 876 377 956 Διονυσίῳ
392 873 552 954 προσελθών,
568 874 676 940 Ἀπόδος
692 897 736 948 μοι
757 873 805 944 τήν
820 875 947 948 γυναῖκας

156 974 231 1027 τοῦτο
252 967 278 1024 δέ
300 965 371 1042 λέγει
386 965 424 1030 τίς
443 962 624 1042 γεγαμηκότι,
648 964 707 1020 ἀλλ’
723 962 790 1035 οὔδ’,
814 962 844 1019 ἀν
859 962 945 1018 ἀπαν-

156 1058 246 1128 τήσω,
262 1053 378 1130 δύναμαί
393 1076 433 1111 σοι
449 1053 612 1131 προσελθεῖν.
656 1051 736 1122 Ἀλλ’,
749 1050 807 1108 οὐδὲ
821 1049 851 1108 τδ
864 1048 947 1108 κοινό-

992 905 1073 958 Redde
1085 906 1144 957 mitri
1155 920 1265 957 uxorem.
1299 909 1346 957 sed
1358 920 1389 957 ne
1401 920 1530 958 occurrens
1541 907 1641 971 quidem
1651 909 1678 959 ln
1695 909 1734 959 ria
1743 922 1775 973 po

992 1013 1044 1060 tero
1057 1010 1086 1059 ad
1103 1013 1127 1059 te
1139 1010 1253 1060 accedere
1296 1013 1363 1069 lmo,
1376 1010 1439 1072 quod
1452 1010 1528 1059 cuivis
1538 1010 1589 1071 alii,
1602 1010 1664 1060 milti
1673 1010 1777 1063 ιιοιιίἰισ

993 1113 1044 1171 hit,
1061 1112 1107 1161 civi
1124 1113 1203 1162 civem
1223 1111 1336 1161 salutare.
1373 1111 1455 1169 Quid?
1469 1112 1534 1175 quod
1549 1112 1706 1174 periclitabor
1725 1114 1776 1165 init

992 1227 1037 1262 ceu
1056 1196 1152 1263 adulter
1166 1227 1226 1263 mem
1244 1214 1327 1262 uxoris
1344 1214 1431 1276 perire.
1465 1213 1504 1263 Sic
1524 1213 1700 1265 lamentantem
1713 1214 1774 1279 eoq-

993 1313 1108 1364 charmus
1123 1316 1205 1364 tamen
1219 1315 1369 1366 consolatur.

1022 1415 1078 1462 vll.
1095 1413 1193 1463 Interim
1206 1414 1317 1476 l‘hocas,
1332 1414 1427 1464 villicus
1446 1414 1568 1477 Dionysii,
1588 1417 1717 1479 conspecta
1732 1428 1770 1467 uon

993 1508 1045 1556 sine
1057 1521 1146 1570 pavore
1160 1508 1251 1558 triremi
1267 1508 1366 1568 bellica,
1383 1506 1453 1558 discit
1468 1521 1483 1557 a
1503 1512 1593 1570 nauta,
1605 1523 1681 1572 quem
1692 1509 1769 1560 bland·

993 1602 1057 1651 ditiis
1067 1603 1172 1650 illectum
1182 1602 1226 1651 sihi
1236 1602 1415 1661 conciliaverat,
1425 1605 1449 1651 et
1458 1601 1564 1664 quisint,
1576 1606 1601 1653 et
1611 1603 1685 1663 uude,
1693 1602 1767 1666 etquid

992 1695 1118 1758 disignent,
1132 1696 1304 1758 intelligitque,
1320 1696 1442 1746 triremem
1456 1697 1527 1747 istam
1538 1697 1597 1748 hero
1614 1712 1659 1749 suo
1671 1711 1764 1762 mapnun

994 1792 1084 1839 melum
1094 1792 1239 1853 importare,
1250 1797 1277 1840 ut
1287 1792 1330 1855 qui
1340 1792 1439 1842 vitame
1452 1793 1588 1844 callirrhoe
1598 1808 1705 1857 separem
1719 1794 1763 1845 tolc-

994 1898 1047 1934 rare
1062 1899 1131 1947 posse
1145 1885 1280 1936 censendus
1289 1899 1339 1936 non
1351 1889 1422 1936 esset.
1455 1890 1582 1950 occupare
1593 1888 1675 1951 itaque
1684 1888 1761 1939 studea

993 1980 1162 2039 calamitatem,
1175 1983 1199 2030 et
1210 1981 1362 2043 exstinguere
1373 1981 1473 2041 bellum,
1485 1995 1534 2031 non
1544 1982 1644 2044 quidem
1660 1996 1758 2046 magam,

995 2088 1073 2137 neque
1084 2088 1213 2124 commune
1222 2064 1291 2136 urbi,
1308 2075 1349 2124 sed
1360 2075 1429 2124 herili
1446 2075 1530 2124 domui
1546 2076 1685 2139 proprium,
1696 2080 1757 2139 utpote

993 2182 1077 2215 amans
1092 2167 1142 2216 heri
1167 2168 1328 2230 mancipium,
1346 2181 1446 2231 propere
1464 2169 1495 2216 ad
1518 2172 1625 2219 castrum
1643 2170 1755 2232 aliquod,a

995 2261 1101 2310 barbaris
1122 2261 1283 2323 custoditum,
1305 2262 1445 2324 adequitat,
1464 2266 1627 2327 nuntiatque,
1645 2266 1711 2314 latere
1722 2261 1754 2311 ui

993 2356 1117 2418 aggeribus
1128 2358 1187 2406 mari
1199 2357 1299 2418 objectis
1308 2358 1434 2407 triremem
1445 2359 1566 2419 hostilem,
1579 2360 1629 2410 iors
1639 2370 1753 2418 οιοιιιηε

993 2451 1102 2511 colandi,
1122 2452 1171 2501 lors
1191 2456 1215 2502 et
1236 2451 1368 2514 predandi.
1403 2454 1474 2515 Regis
1490 2454 1606 2505 interesse
1623 2455 1682 2505 iiiam
1701 2448 1752 2513 diripi

994 2546 1131 2608 priusquam
1143 2548 1221 2596 hostes
1235 2548 1285 2596 vim
1294 2548 1407 2598 inierant.
1434 2551 1468 2599 Ut
1479 2550 1650 2613 laciledecepit
1658 2547 1751 2604 barbiti

994 2640 1043 2701 ipse
1053 2639 1209 2703 conglobatos
1219 2642 1243 2689 in
1253 2654 1338 2703 agmen
1347 2642 1416 2691 ducit
1424 2655 1453 2691 eo
1465 2642 1521 2703 loci,
1531 2643 1573 2692 uhi
1587 2642 1662 2692 media
1669 2638 1750 2691 hose

992 2747 1089 2783 securos
1099 2733 1176 2784 adorti
1187 2736 1212 2784 et
1221 2744 1308 2784 narem
1319 2734 1409 2797 injecto
1417 2735 1567 2787 comburunt
1579 2734 1749 2800 μωμεύειν

995 2828 1122 2879 abducunt
1143 2830 1168 2879 in
1191 2830 1333 2891 castellnm,
1354 2833 1475 2893 quotquot
1500 2831 1570 2881 viros
1592 2832 1699 2896 ceperant
1722 2823 1748 2875 lii

994 2921 1107 2971 (theresa
1118 2924 1143 2971 et
1155 2921 1328 2983 Polycharmus
1339 2935 1387 2971 non
1397 2922 1512 2984 distrahi,
1522 2925 1563 2974 sed
1578 2927 1620 2975 uni
1632 2916 1747 2975 morati

994 3016 1057 3064 lacta
1066 3016 1216 3076 captivorum
1226 3015 1365 3077 partitione,
1375 3017 1495 3080 supplices
1503 3023 1583 3069 orant.
1608 3020 1745 3081 ohteupmss

994 3107 1074 3168 igitur,
1092 3109 1134 3170 qui
1152 3109 1242 3158 tulerat
1258 3124 1299 3159 eos
1316 3110 1347 3159 de
1365 3111 1456 3173 praeda,
1475 3113 1560 3163 rendit
1574 3115 1599 3163 in
1613 3114 1703 3171 θιτίιιι,
1715 3103 1746 3154 iffi

994 3202 1137 3263 ponderosas
1155 3206 1209 3265 post
1225 3217 1251 3253 se
1269 3204 1392 3254 trahentes
1410 3207 1491 3255 miseri
1509 3208 1619 3269 pedicas,
1637 3198 1743 3259 ilithrititiit

994 3310 1063 3358 agros
1076 3297 1194 3346 colebant.
1227 3299 1278 3347 lloc
1289 3312 1315 3347 se
1327 3300 1439 3350 clraereas
1451 3301 1535 3350 hahitu
1548 3317 1590 3364 per
1605 3305 1691 3366 quiem
1701 3291 1743 3346 0³¹·

994 3390 1091 3439 lirrhom
1111 3391 1187 3451 sistit,
1202 3391 1316 3442 accedere
1328 3394 1426 3456 quidem
1447 3397 1561 3458 cupiens,
1582 3398 1624 3447 sed
1637 3391 1744 3461 proiiiiii&

156 1167 247 1219 τατον,
263 1148 299 1209 ώς
319 1142 443 1211 πολίτης,
467 1142 649 1201 ἀσπάσασθαι.
694 1137 860 1200 Κινδυνεύσω
876 1139 948 1218 τάχα

119 1259 143 1299 ιιι
157 1233 202 1291 καί
216 1236 251 1298 ὡς
264 1231 356 1310 μοιχὸς
375 1234 421 1301 τῆς
436 1231 502 1304 έμής
518 1229 639 1306 γυναικὸς
663 1229 820 1290 ἀπολέσθαι.
864 1227 949 1289 Ταῦτ’

65 1342 70 1351 “
156 1321 310 1401 ὀδυρόμενον
326 1322 505 1400 παρεμυθεῖτο
518 1315 707 1398 Πολύχαρμος.

198 1412 241 1472 Z'.
265 1411 312 1471 Ἐν
327 1410 354 1467 δέ
369 1413 408 1488 τῷ
425 1407 521 1484 μεταξύ
542 1409 660 1482 doxae,
676 1409 690 1464 ὁ
707 1403 841 1480 οἰκονόμος
855 1408 949 1464 Διονυ-

158 1499 228 1571 σίου,
244 1496 406 1573 θεασάμενος
424 1495 518 1574 τριήρη
532 1493 680 1572 ναύμαχον,
696 1494 743 1551 ούκ
758 1491 834 1562 ἀδεής
858 1496 948 1550 καθει-

157 1588 259 1659 στήκει.
303 1584 414 1656 Ναύτην
443 1582 471 1641 δέ
494 1606 552 1641 τινα
578 1581 800 1661 θποκορισόμενος
824 1580 948 1656 μανθάνει

120 1703 143 1738 ιι
157 1676 220 1756 παρ’
232 1678 311 1734 αὐτοῦ
325 1672 372 1745 τήν
387 1671 523 1745 ἀλήθειαν,
537 1672 604 1738 τίνες
624 1673 674 1729 εἰσὶ
690 1670 735 1730 καὶ
748 1671 826 1729 πόθεν
848 1670 891 1727 καί
906 1668 948 1726 διὰ

156 1756 215 1815 τίνα
230 1755 345 1813 πλέουσι.
389 1756 508 1830 Συνῆκεν
523 1742 578 1823 οῦν,
594 1752 633 1810 ὅτι
648 1752 766 1828 μεγάλην
782 1749 919 1830 συμφοράν
930 1755 947 1820 ἡ

157 1845 265 1924 τριήρης
280 1842 347 1915 αῦτη
362 1841 464 1918 κομίζει
477 1840 608 1920 Διονυσίῳ
622 1840 668 1899 καί
682 1841 711 1897 ού
728 1839 853 1919 βιώσεται
873 1841 948 1897 Καλ-

157 1932 262 2014 λιρρόης
276 1930 464 1996 ἀποσπασθείς.
506 1920 562 1990 Οἷα
577 1929 604 1986 δέ
619 1927 804 2007 φιλοδέσποτος
824 1927 950 1997 ἐθελήσας

158 2021 300 2102 προλαύεῖν
316 2021 346 2079 τὸ
368 2018 449 2078 δεινὸν
465 2018 511 2076 καί
536 2017 630 2076 σόέσαι
644 2018 770 2093 πόλεμον,
793 2015 876 2092 μέγαν
892 2017 949 2092 μὲν,

119 2135 144 2169 τυ
159 2114 187 2168 οὗ
210 2109 295 2169 κοινόν
321 2107 363 2178 δέ,
390 2105 458 2165 ἀλλά
474 2099 521 2176 τής
541 2104 677 2164 Διονυσίου
695 2105 774 2182 μόνης
793 2104 890 2175 οἰκίας,
907 2101 949 2160 διὰ

158 2203 228 2258 τοῦτ’
244 2196 474 2273 άφιππευσάμενος
485 2193 522 2259 εἰς
535 2217 560 2251 τι
572 2193 691 2273 φρουρίον
704 2193 854 2273 βαρόάρων,
866 2190 948 2269 ἀνήγ-

65 2306 67 2313 ·
158 2290 253 2362 γειλεν·
266 2282 332 2345 Ὅτι
346 2284 456 2364 τριήρης
468 2281 584 2357 πολεμία
599 2281 736 2352 λανθάνει,
751 2283 822 2360 τάχα
844 2281 891 2357 μὲν
906 2281 948 2339 ἐπὶ

159 2373 338 2444 κατασκοπὴν,
361 2372 432 2451 τάχα
455 2370 482 2428 δέ
499 2370 545 2427 καί
561 2369 603 2427 διὰ
625 2369 759 2448 λῃστείαν,
781 2373 947 2448 ὑφορμοῦσα,

159 2462 285 2541 συμφέρει
312 2459 340 2518 δὲ
363 2467 415 2524 τοῖς
437 2457 565 2537 βασιλέως
590 2457 760 2536 πράγμασιν,
783 2459 948 2537 ἀνάρπαστον

119 2571 145 2608 οι
160 2549 241 2621 αὐτὴν
260 2548 390 2627 γενέσθαι,
406 2547 467 2626 πρίν
489 2548 599 2606 ἀδικεῖν.
641 2543 751 2606 Ἐπεισε
767 2545 825 2610 τοὺς
847 2543 949 2624 βαρόά-

161 2663 218 2718 ρους
233 2638 278 2696 καὶ
304 2634 526 2712 συντεταγμένους
540 2634 650 2711 ήγαγεν.
694 2633 882 2700 Ἐπιπεσόντες
905 2624 949 2690 οῦν

160 2726 228 2803 μέση
241 2724 315 2783 νυκτί
337 2724 447 2801 καὶπῦρ
460 2720 680 2797 ἐμόσλόντεςτήν
695 2722 743 2798 μέν
763 2721 857 2801 τριήρη
872 2722 949 2780 κατέ-

159 2813 264 2896 φλεξαν,
276 2812 350 2878 ὅσους
363 2810 390 2870 δέ
403 2815 503 2879 ζῶντας
522 2809 626 2880 ἔλαθον,
642 2809 767 2880 δήσαντες
782 2812 818 2877 εἰς
829 2810 860 2868 τὸ
870 2817 947 2890 φρού-

161 2925 215 2982 ριον
228 2900 372 2978 ἀνήγαγον.
417 2896 563 2972 Νεμήσεως
578 2896 605 2956 δὲ
620 2901 671 2955 τῶν
687 2897 864 2976 αἰχμαλώτων
878 2921 950 2976 γενο-

119 3014 146 3053 sn
160 2989 251 3068 μένης,
262 2988 399 3047 ἱκέτευσαν
410 2988 529 3066 Χαιρέας
539 2985 585 3043 καί
596 2985 773 3066 Πολύχαρμος
784 2987 822 3044 ένί
835 2987 948 3064 δεσπότῃ

159 3082 300 3158 πραθῆναι.
343 3076 399 3137 Καὶ
419 3079 433 3134 ό
453 3073 545 3134 λαθών
567 3072 661 3140 αύτούς
678 3072 813 3144 ἐπώλησεν
831 3076 866 3139 εἰς
889 3078 950 3135 Κα-

160 3164 228 3243 ρίαν.
270 3162 346 3223 ’Exti
361 3162 388 3221 δὲ
403 3164 483 3230 πέδας
497 3162 617 3243 σύροντες
631 3161 744 3240 παχείας
758 3162 905 3242 εἰργάζοντο
916 3163 950 3220 τδι

161 3253 334 3332 Μιθριδάτου.
380 3253 533 3330 Καλλιρρόη
555 3253 579 3308 δ’
604 3249 667 3328 όναρ
691 3249 804 3320 ἐπέστη,
833 3249 950 3330 Χαιρέας

72 3358 76 3367 ’
160 3341 294 3419 δεδεμένος
307 3340 352 3398 καὶ
371 3340 452 3398 θέλων
468 3342 535 3418 αὐτῇ
550 3341 713 3417 προσελθεῖν,
731 3337 799 3396 ἀλλὰ
812 3338 849 3414 μή
873 3340 950 3396 δυνά-

120 3452 146 3490 ιε
160 3454 246 3506 μενος,
290 3429 450 3487 ’Λνεκώκυσε
476 3429 503 3486 δὲ
530 3427 597 3505 μέγα
623 3427 667 3484 καί
692 3426 826 3504 διωλύγιον
850 3430 877 3485 ἐν
898 3436 950 3492 τοῖς

160 3519 255 3583 ύπνοις·
268 3516 381 3596 Χαιρέα,
396 3517 481 3596 δεῦρο.
524 3516 593 3576 Τότε
607 3518 711 3594 πρῶτον
726 3514 859 3581 Διονύσιος
872 3515 949 3588 ήκου·

9 3600 13 3609 ’
50 3652 54 3659 .
160 3630 204 3665 σεν
218 3606 301 3682 ὄνομα
317 3606 443 3682 Χαιρέου.
487 3605 542 3664 Καὶ
558 3608 602 3674 τῆς
617 3595 948 3685 γυναικδςοῦνταραχθεί·

160 3720 207 3767 σης
221 3695 342 3752 ἐπύθετο·
358 3692 420 3764 Τίς,
440 3692 468 3752 δν
483 3691 596 3764 ἐκάλεις;
617 3690 760 3769 Προύδωκε
782 3695 804 3751 δ’
817 3692 898 3765 αὐτήν
916 3695 950 3754 τδι

161 3783 261 3861 δάκρυα
277 3780 322 3838 καί
344 3780 393 3850 τήν
407 3780 495 3853 λύπην
516 3782 562 3839 ούκ
584 3780 701 3850 ἠδυνήθη
718 3790 874 3860 κατασχεῖν,
892 3783 950 3842 ἀλλ’

119 3889 146 3927 ιιι
161 3871 241 3929 ἔδωκε
256 3870 407 3949 παρρησίαν
428 3872 466 3949 τῷ
491 3871 579 3928 πάθει.
624 3869 774 3950 Δυστυχὴς,
790 3872 879 3952 φησὶν,
902 3873 951 3933 ἄν.

160 3964 274 4038 θρωπος,
290 3959 350 4035 ἐμός
366 3956 432 4037 ἀνὴρ
447 3961 476 4017 ἐκ
490 3957 646 4038 παρθενίας,
662 3960 757 4018 οὐδ’ἐν
772 3969 825 4028 τοῖς
845 3961 951 4043 ὀνείροις

160 4046 281 4124 εὐτυχής·
323 4037 391 4105 εἰδον
404 4046 455 4126 γάρ
470 4045 548 4106 αὐτὸν
563 4045 710 4125 δεδεμένον.
757 4047 835 4107 Ἀλλδι
846 4048 878 4108 σθ
893 4051 951 4127 μὲν,

161 4137 249 4207 ἄθλιε,
268 4135 395 4208 τέθνηκας
418 4139 502 4207 ζητῶν
522 4134 585 4213 ἐμὲ,
608 4137 684 4208 δηλοῖ
702 4134 753 4216 γδρ
771 4135 881 4196 θάνατόν
904 4161 951 4196 σου

160 4221 195 4281 τδ
209 4221 310 4298 δεσμά,
329 4222 382 4300 ἐγὼ
396 4221 423 4280 δέ
439 4226 475 4291 ζῶ
497 4223 542 4281 καὶ
564 4227 668 4301 τρυφῶ,
687 4224 848 4300 κατάκειμαι
871 4226 893 4283 δ’
909 4226 951 4283 ἐπὶ

121 4337 148 4375 ιε
161 4310 329 4391 χρυσηλάτου
344 4309 433 4381 κλίνης
445 4315 503 4388 μετ’
516 4311 608 4389 ἀνδρὸς
620 4313 720 4392 ἐτέρου.
765 4311 842 4384 Πλήν
856 4317 902 4372 οὐκ
916 4316 952 4381 εἰς

162 4397 267 4479 μακρδιν
283 4397 406 4479 ἀφίξομαι
429 4397 496 4478 πρὸς
515 4396 555 4462 σέ.
600 4401 635 4459 Εἰ
650 4400 695 4458 καί
716 4404 808 4469 ζῶντες
829 4402 951 4473 ἀλλήλων

161 4489 208 4546 ούκ
223 4487 422 4564 ἀπελαύσαμεν,
435 4486 608 4554 ἀποθανόντες
620 4487 749 4561 ἀλλήλους
761 4488 861 4565 ἕξομεν.
883 4490 951 4550 Τού·

161 4599 213 4633 των
226 4578 278 4633 τῶν
293 4575 377 4653 λόγων
389 4576 505 4642 ἀκούσας
515 4579 529 4634 ὁ
539 4576 672 4643 Διονύσιος
684 4577 805 4645 ποικίλας
816 4576 950 4655 ἰλάμόανε

161 4663 277 4740 γνώμας.
319 4662 440 4724 Ἥπτετο
464 4663 511 4740 μὲν
535 4664 586 4744 γάρ
607 4667 685 4723 αὐτοῦ
710 4665 869 4740 ζηλοτυπία,
887 4666 951 4726 διότι

995 3486 1120 3535 Exclamat
1138 3486 1179 3535 illa
1191 3487 1215 3535 in
1233 3488 1323 3537 somnis
1337 3502 1422 3550 magna
1441 3492 1465 3538 et
1482 3494 1552 3540 acuta
1569 3505 1644 3541 voce:
1660 3490 1745 3538 Cim,

994 3578 1042 3629 huc
1050 3580 1114 3629 veni.
1147 3583 1209 3630 Tum
1220 3583 1325 3644 primum
1338 3583 1421 3633 audito
1433 3584 1541 3634 Chaereae
1551 3574 1747 3642 nummularii*

994 3677 1171 3726 consternatam
1184 3681 1251 3740 rogat
1263 3691 1381 3738 uxorem,
1393 3680 1453 3738 Quis
1464 3682 1541 3741 esset,
1554 3693 1629 3744 quem
1640 3668 1747 3729 νοοιισθῗ

996 3771 1132 3821 Prodehant
1145 3773 1210 3821 illam
1227 3773 1354 3835 lacrymae,
1368 3787 1446 3836 neque
1458 3775 1599 3825 maestitiam
1614 3784 1708 3840 premere
1718 3774 1749 3828 l*

994 3867 1070 3925 terat,
1090 3866 1132 3915 sed
1152 3880 1264 3917 concessa
1280 3868 1377 3917 aflectui
1395 3868 1496 3918 audacia
1513 3889 1520 3918 z
1538 3873 1618 3921 llomo
1635 3858 1750 3929 mter.⁸i·

995 3974 1063 4008 meus
1076 3961 1202 4022 virgineus.
1236 3962 1272 4010 lie
1284 3962 1382 4024 quidem
1396 3963 1420 4010 in
1442 3964 1533 4014 somnis
1546 3964 1614 4015 telin.
1645 3950 1754 4015 iiidienim

995 4054 1063 4103 ilium
1081 4056 1172 4103 catenis
1187 4057 1322 4104 oneratum.
1356 4061 1386 4105 at
1397 4060 1424 4105 tu
1442 4057 1540 4118 quidem
1557 4059 1630 4109 miser
1648 4046 1761 4107 οθθιθιι

994 4162 1112 4212 quaerens.
1146 4150 1483 4202 Namhaecrinculamortem
1493 4151 1635 4216 significant.
1666 4140 1767 4217 ligatien

994 4249 1018 4295 ct
1028 4245 1100 4306 viro,
1110 4248 1135 4296 et
1145 4247 1225 4307 lusor,
1237 4251 1262 4297 et
1278 4248 1302 4296 in
1313 4262 1385 4297 aurea
1400 4249 1493 4311 sponda
1509 4264 1567 4300 cum
1579 4251 1627 4301 aiio
1638 4251 1719 4301 marito
1729 4235 1776 4291 θ’

994 4341 1091 4391 οιιοιθο.
1125 4344 1157 4392 At
1172 4356 1220 4392 non
1240 4345 1318 4393 multo
1331 4344 1426 4406 posted
1445 4347 1468 4394 te
1482 4345 1587 4395 veniam.
1620 4345 1713 4397 Etiamsi
1728 4324 1790 4415 *¹⁵¹³¹

994 4441 1104 4487 nostrum
1116 4438 1167 4487 rivi
1179 4439 1314 4501 caruimus,
1324 4441 1459 4491 tenebimus
1468 4445 1551 4493 tamea
1564 4457 1610 4494 nos
1622 4442 1714 4494 mortni.
1734 4411 1802 4488 13⁸

994 4532 1093 4593 auditis,
1106 4533 1179 4584 variae
1192 4535 1346 4597 cogitationes
1356 4539 1461 4587 ruentem
1472 4536 1579 4600 Dionysii
1588 4538 1693 4588 subiere
1716 4508 1802 4587 Μ’

993 4628 1063 4691 gebat
1077 4642 1182 4691 namque
1196 4631 1325 4692 aemulum,
1337 4631 1403 4694 quod
1415 4632 1453 4681 vel
1465 4635 1589 4682 mortuum
1600 4633 1643 4682 iiia
1658 4626 1787 4684 cunt?
1794 4601 1802 4639 Ι

994 4721 1115 4786 diligeret3
1127 4724 1230 4786 angebat
1242 4727 1266 4774 et
1284 4729 1377 4786 metus,
1390 4738 1421 4775 ne
1432 4726 1482 4776 suis
1493 4726 1533 4776 illa
1550 4739 1577 4776 se
1589 4726 1705 4777 manihus
1715 4700 1802 4789 pf

122 4771 148 4809 tu
162 4749 207 4855 καὶ
227 4751 316 4860 νεκρὸν
333 4752 414 4860 ἐφίλει
437 4750 570 4859 Χαγρέαν,
586 4751 685 4824 ἥπτετο
699 4752 727 4813 δέ
750 4754 796 4813 καί
809 4754 899 4865 ηφόόος,
913 4754 949 4832 μή
994 4820 1079 4867 ωαχ.
1114 4820 1210 4868 'merim
1224 4819 1310 4869 henes
1368 4820 1409 4869 bat
1452 4835 1468 4869 u
1500 4821 1516 4869 d
1551 4821 1593 4870 uid
1684 4822 1689 4832 ¹
1730 4796 1802 4869 ν

163 4837 257 4907 εαυτήν
274 4861 433 4918 αποκτεινη,
450 4842 553 4921 ἐθαρρει
568 4842 591 4898 δ’
606 4839 676 4918 ὅμως
688 4841 871 4923 ότιδπρωτος
884 4841 951 4923 ανὴρ
1008 4912 1013 4922 Ι
1311 4833 1366 4882 pem
1415 4835 1450 4883 ’q
1469 4834 1499 4870 ³¹¹
1518 4834 1550 4884 οῦ
1594 4835 1634 4872 ⁶¹¹³
1653 4835 1719 4884 ΡΜ*

163 4922 246 4981 ,δάκῃ
269 4929 418 4996 nemim
442 4933 475 5007 τῇ
499 4930 614 5007 ,ωαχ
656 4929 703 5002 Μ,
727 4929 778 5011 γὰρ
801 4930 951 5012 ,πολεγγω
994 4915 1055 4961 ritus
1076 4915 1146 4962 uxori
1169 4914 1212 4977 ipsi
1234 4914 1360 4964 venenatur
1382 4915 1517 4966 decesisse.
1551 4917 1606 4966 non
1629 4917 1696 4967 enin
1718 4894 1802 4965 ital*

163 5009 244 5080 αύτήν
266 5013 412 5089 Διονύσιον,
433 5019 480 5074 οὐκ
503 5016 574 5087 ὄντος
587 5017 625 5077 ἔτι
651 5017 779 5099 Χαιρέου.
824 5023 952 5099 Παρεμυ·
996 5010 1135 5075 D⁵⁰¹¹i⁵¹¹¹¹¹¹
1160 5013 1321 5078 difflfflffiffli
1346 5017 1447 5068 Chim
1471 5030 1521 5067 ⁰⁰¹¹
1546 5020 1679 5081 Wssffl‘
1704 5004 1802 5083 W

163 5101 232 5157 θεῖτο
247 5098 332 5157 τοίνυν
347 5104 382 5168 ὡς
397 5102 506 5162 δυνατὸν
519 5107 637 5184 μάλιστα
651 5103 699 5178 τήν
714 5110 825 5185 γυναῖκα
848 5107 893 5166 καὶ
908 5106 951 5166 ἐπὶ
996 5117 1142 5167 consolatur
1153 5130 1210 5180 ergo
1229 5118 1317 5181 quibus
1336 5119 1443 5172 manime
1456 5122 1551 5183 poterat
1565 5121 1647 5172 modia
1665 5132 1773 5173 ιεεοιειιι
1783 5132 1799 5163 ¹
