3726 5692
152 331 209 382 432

153 452 198 509 καί
212 451 303 527 δόξης,
322 449 349 508 ὃν
365 451 526 525 θαυμάζουσι
545 446 679 525 σατράπαι
697 446 741 504 καί
767 447 883 524 βασιλεῖς
897 443 942 502 καί

153 540 261 614 πόλεις,
292 536 431 615 παιδαρίου
457 535 604 615 πράγματα
632 532 760 612 πάσχων,
785 532 856 601 ἅπαξ
882 532 942 590 iilis

561 316 766 377 CllillllTON
789 317 841 375 bu
862 314 1031 375 CHAEREA
1052 313 1100 372 ET
1120 310 1369 372 cniuinuflou

989 456 1072 492 manes
1095 441 1231 505 persolutis.
1266 440 1325 490 Ideo
1343 452 1430 501 nempe
1448 452 1491 489 rus
1511 439 1612 499 venisti,
1624 442 1653 488 ul
1671 438 1759 502 pullatus

988 543 1105 606 nuptialia
1116 556 1185 591 sacra
1196 541 1320 599 celebres,
1333 540 1375 589 sed
1389 553 1445 589 cum
1459 552 1543 602 serva,
1556 540 1600 590 aed
1614 553 1671 590 cum
1681 541 1758 599 aliena,

155 630 232 707 ἐθθς,
248 626 292 684 καί·
307 630 391 683 ταῦτα
408 627 521 700 aalide,
536 623 597 701 πρὶν
613 622 810 702 ἀφοσιώσασθαι
826 621 883 685 τοὺς
898 625 944 691 τῆς
984 647 1007 697 si
1029 647 1165 708 continget,
1188 658 1272 695 uxore.
1308 647 1389 707 Neque
1411 644 1475 694 enim
1497 644 1551 705 ejus
1575 643 1652 693 babes
1674 643 1757 694 tabuiu,

154 716 244 783 ἀθλίας
261 717 394 792 δαίμονας.
427 709 528 772 Τούτου
550 717 575 791 γ’
598 711 713 789 (ἕνεκεν)
729 704 790 783 ἧκες
804 712 839 776 είς
851 710 941 789 ἀγρὸν,

128 803 195 862 pisa
213 801 385 880 ’μελανείμων
409 803 507 878 γάμους
531 800 625 877 θύσης,
647 800 693 857 καὶ
713 799 814 877 γάμους
833 797 940 868 δούλης,

153 890 223 970 τάχα
240 891 266 949 δὲ
281 890 328 949 καί
343 889 499 969 ἀλλοτρίας;
516 890 563 947 οὐκ
578 888 645 967 ἔχεις
658 886 709 968 γάρ
725 889 805 957 αὐτῆς
822 885 881 945 οὐδὲ
895 883 942 957 τὴν

154 979 337 1060 καταγραφήν.
381 975 554 1057 Ἔριλονείκει
569 975 619 1035 δ’ὁ
641 973 732 1056 Ἔρως
756 971 942 1054 βουλευομένου

154 1069 258 1139 καλῶς,
274 1069 320 1126 καὶ
335 1066 410 1144 θόριν
422 1064 506 1123 ἐδόκει
520 1063 566 1135 τὴν
587 1060 755 1142 σωφροσύνην
771 1063 818 1134 τὴν
833 1061 944 1120 ἐκείνου·

156 1154 198 1213 διὰ
222 1162 299 1215 τοῦτο
315 1154 454 1234 ἐπυρρόρει
474 1152 643 1234 σφοδρότερον
666 1150 754 1232 ψυχὴν
770 1153 796 1209 ἐν
811 1150 887 1228 ἔρωτι
901 1173 943 1230 ρι-

120 1263 142 1300 ιυ
154 1245 326 1324 λοσοροῦσαν.
371 1241 476 1314 Μηκέτ’
494 1231 538 1299 οθν
559 1241 645 1321 φέρων
666 1241 742 1317 μόνος
765 1242 837 1319 αύτῷ
856 1237 945 1297 διαλέ-

153 1336 253 1408 γεσθαι,
266 1338 373 1392 Λεωνᾶν
380 1329 577 1410 μετεπέμψατο.
622 1328 734 1399 itineri<
746 1327 768 1387 δ’
777 1331 872 1394 ἐκεῖνος
883 1350 943 1385 συν·

153 1423 201 1488 ἧκε
215 1419 262 1494 μὲν
273 1419 321 1487 τὴν
344 1416 442 1489 αἰτίαν,
455 1424 637 1495 προσεποιεῖτο
648 1417 672 1473 δ’
683 1418 784 1494 ἀγνοεῖν
799 1415 844 1473 καί
855 1413 944 1492 ὥσπερ

155 1507 360 1586 τεταραγμένος
379 1504 433 1577 Τί,
448 1504 536 1581 φησὶν,
552 1506 703 1584 ἀγρυπνεῖς,
724 1492 745 1560 ἀν
760 1502 890 1580 δέσποτα,
907 1502 944 1580 μέ,

154 1619 192 1658 τις
202 1595 283 1652 πάλιν
299 1618 329 1653 σε
344 1593 415 1664 λύπη
430 1592 573 1673 κατείληφε
586 1596 632 1662 τῆς
645 1591 798 1663 τεθνηκυίας
808 1591 944 1669 γυναικός,

120 1702 142 1736 ¹⁶
155 1683 281 1751 Γυναικδς
302 1683 359 1757 μὲν,
376 1673 447 1742 εἶπεν
468 1685 482 1740 δ
497 1680 644 1753 Διονύσιος,
658 1682 718 1739 ἀλλ’
732 1683 761 1739 οὗ
780 1684 827 1751 τῆς
848 1687 946 1751 τεθνη-

154 1770 238 1837 κυίας.
281 1769 365 1833 Οὐδέν
386 1769 412 1830 δέ
429 1767 577 1850 ἀπόρρητόν
592 1767 648 1826 ἐστί
664 1792 708 1845 μοι
722 1768 786 1847 πρὸς
809 1769 839 1828 σέ
854 1770 887 1826 δι’
900 1767 945 1826 εθ-

155 1861 226 1918 νοιάν
243 1883 271 1918 τε
294 1861 340 1919 καί
361 1859 460 1919 πίστιν.
504 1856 704 1929 Ἀπολώλεκας,
722 1846 861 1920 ῶΛεωνά.
906 1856 945 1917 Σύ

156 1970 200 2025 μοι
213 1952 265 2007 τῶν
287 1952 376 2007 κακῶν
389 1947 478 2015 αίτιος.
523 1952 581 2027 Πῦρ
597 1947 721 2022 ἐκόμισας
733 1949 768 2011 εἰς
785 1947 832 2017 τὴν
849 1946 944 2021 οἰκίαν,

155 2039 256 2110 μᾶλλον
272 2039 295 2096 δ’
311 2041 346 2105 είς
360 2037 408 2108 τὴν
422 2038 487 2114 ἐμὴν
502 2036 601 2116 ψυχήν.
643 2035 781 2114 Ταράσσει
801 2036 829 2094 δέ
849 2059 882 2112 με
900 2035 945 2093 καί

121 2126 184 2184 turb
197 2126 293 2196 ἄδηλον
305 2125 335 2184 τδ
345 2127 405 2206 περὶ
418 2130 464 2197 τῆς
477 2124 609 2201 γυναικός.
654 2123 742 2183 libide
755 2146 799 2199 μοι
811 2125 888 2202 διηγῇ
901 2123 946 2199 έμ-

155 2236 234 2292 πορον
246 2213 354 2285 πτηνὸν,
363 2213 391 2272 δν
406 2216 452 2272 οὐκ
462 2204 534 2278 σίδας
545 2214 600 2271 οὐδ’
615 2210 706 2271 ὁπόθεν
721 2203 811 2288 ἦλθεν,
826 2207 946 2270 οὐδ’όποι

154 2302 235 2359 πάλιν
246 2304 371 2372 ἀπῆλθεν.
407 2301 499 2380 Ἔχοιν
506 2301 535 2359 δέ
539 2324 576 2369 τις
586 2304 700 2359 τοιοῦτον
710 2300 805 2366 κάλλος
815 2302 841 2358 έν
849 2301 946 2380 ἐρημία

156 2388 300 2468 πιπράσκει
317 2390 397 2467 [καὶ]
413 2390 541 2447 ταλάντου
555 2386 603 2457 τὴν
616 2389 667 2444 τῶν
686 2385 815 2464 βασιλέως
831 2387 945 2467 χρημά-

157 2499 208 2533 των
228 2475 318 2549 ἀξίαν,
336 2476 437 2553 δαίμων
458 2475 489 2536 σέ
509 2500 547 2542 τις
568 2473 741 2548 ἐξηπάτησεν.
784 2474 946 2546 Έπίστησον

126 2552 202 2620 τσοθν
223 2563 268 2623 καί
290 2563 471 2640 ἀναμνήσθητι
489 2567 542 2622 τῶν
560 2563 717 2641 γενομένων.
759 2561 839 2630 Τίνας
864 2555 945 2642 εἶδες,

156 2650 208 2709 τίνι
223 2652 368 2725 ἐλάλησας;
383 2650 439 2710 εἰπέ
452 2675 496 2728 μοι
511 2650 633 2723 τάληθές.
677 2653 717 2711 Oi
731 2653 820 2711 πλοῖον
835 2651 945 2713 έθεάσω.

158 2741 216 2799 Οὐκ
229 2729 306 2812 εἶδον,
321 2738 452 2812 δέσποτα,
469 2738 526 2797 ἀλλ’
540 2739 653 2811 ἤκουσα.
688 2738 772 2799 Τοῦτ’
788 2741 880 2813 έκεῖνο,
896 2739 944 2816 μία

158 2830 289 2908 Νυμφῶν,
305 2822 485 2907 ἢΝηρηίδων,
501 2831 531 2887 ἐκ
553 2827 687 2900 θαλάσσης
702 2827 854 2899 ἀνελήλυθε.
887 2831 944 2888 Κα·

158 2914 355 2993 ταλαμύάνουσι
370 2915 398 2974 δὲ
412 2916 457 2975 καί
472 2915 597 2994 δαίμονας
610 2915 697 2996 καιροί
707 2939 773 2982 τινες
785 2917 946 2996 εἱμαρμένης

125 3000 275 3081 εοάνάγκην
294 3005 411 3084 φέροντες
428 3004 532 3080 ὁμιλίας
547 3005 603 3080 μετ’
619 3003 776 3084 ἀνθρώπων·
790 3008 865 3064 ταῦθ’
881 3010 944 3078 ἡμῖν

157 3091 289 3169 ἱστοροῦσι
311 3090 419 3162 ποιηταί
432 3115 461 3151 τε
483 3091 529 3151 καί
553 3099 718 3172 συγγραφεῖς.
758 3090 860 3160 Ἡδέως
877 3093 899 3152 δ’
913 3093 945 3153 ἀν

158 3176 258 3235 ἔπειθεν
280 3179 357 3237 αὐτὸν
378 3179 540 3248 δΔιονύσιος
557 3180 743 3257 ἀποσεμνύνειν
767 3180 814 3254 τὴν
834 3189 945 3260 γυναῖκα

114 3275 116 3280 ’
158 3266 203 3323 καὶ
216 3265 431 3348 σεόασμιωτέρας
444 3268 461 3340 ἢ
476 3269 534 3328 κατ’
550 3267 686 3348 ἄνθρωπον
704 3269 819 3346 ὁμιλίας.
863 3275 945 3332 Λεω-

158 3361 205 3421 νᾶς
227 3352 273 3426 ii,
297 3356 460 3437 χαρίσασθαι
482 3360 520 3436 τῷ
541 3356 655 3435 δεσπότῃ
678 3357 847 3435 βουλόμενος,
873 3349 946 3417 ε’ίπε·

121 3455 148 3499 ii
159 3441 208 3509 Τίς
222 3441 270 3518 μέν
294 3446 349 3502 ἔστι
358 3492 367 3518 ,
384 3445 516 3523 δέσποτα,
539 3445 577 3521 μὴ
600 3448 878 3524 πολυπραγμονῶμεν·
894 3447 946 3516 ἄξω

160 3531 182 3588 δ’
195 3531 289 3609 αὐτὴν,
305 3535 327 3590 εί
341 3533 432 3611 θέλεις,
447 3533 512 3614 πρδς
524 3532 563 3606 σὲ,
578 3532 622 3592 καί
638 3533 675 3610 μὴ
687 3532 732 3613 έχε
746 3533 843 3606 λύπην.
869 3533 946 3595 Ἀπο·

157 3620 296 3700 τυγχάνεις
320 3622 347 3678 έν
372 3620 465 3701 ἔρωτος
490 3621 604 3702 ἐξουσίᾳ.
648 3623 707 3682 Οὔκ
735 3621 767 3681 διν
792 3622 947 3701 ποιήσαιμι,

160 3708 238 3778 οησίν
252 3714 267 3768 θ
281 3709 431 3782 Διονύσιος,
447 3709 509 3789 πρίν
524 3717 625 3786 μαθεῖν,
639 3709 678 3778 τίς
692 3715 708 3782 ἡ
722 3710 785 3788 γυνὴ
799 3711 844 3770 καί
856 3712 945 3774 πόθεν.

158 3794 262 3858 Ἕωθεν
280 3788 325 3855 οθν
359 3796 504 3874 πυθώμεθα
536 3802 600 3879 παρ’
625 3800 707 3870 αὐτῆς
734 3797 782 3870 τὴν
810 3798 944 3872 ἀλήθειαν.

123 3909 148 3944 ιο
161 3884 379 3966 Μεταπέμψομαι
404 3885 427 3943 δ’
452 3885 534 3957 αὖε-λν
557 3888 604 3945 οὐκ
625 3886 729 3959 ἐνθάδε,
753 3886 790 3964 μὴ
813 3887 858 3947 καί
882 3913 948 3956 τινος

162 3974 308 4053 βιαιοτέρου
321 3973 448 4050 λάθωμεν
463 3973 587 4054 ἀπορίαν,
606 3974 674 4048 ἀλλ’,
694 3975 759 4032 ὅπου
774 3978 876 4055 πρῶτον
897 3979 948 4034 αὗ-

160 4059 209 4132 ris
226 4061 387 4139 ἐθεασάμην,
410 4062 454 4121 ἐπὶ
467 4067 515 4134 τῆς
528 4061 680 4144 Ἀφροδίτης
701 4064 865 4144 γενέσθωσαν
884 4069 948 4143 ἡμῖν

161 4154 184 4206 oi
198 4148 280 4227 λόγοι.

202 4236 247 4298 E'.
270 4241 354 4298 Ταῦτ’
369 4239 454 4315 ἔδοξε,
470 4239 516 4300 καὶ
530 4245 562 4321 τῇ
575 4240 700 4322 ὑστεραία
718 4244 732 4300 δ
748 4241 796 4318 μὲν
815 4242 949 4308 Διονύσιος

123 4347 149 4384 ιε
161 4325 326 4407 παραλαόὼν
342 4328 431 4408 ιριλους
444 4352 474 4388 τε
491 4328 537 4387 καί
550 4329 736 4410 ἀπελευθέρους
750 4331 861 4390 καὶτῶν
881 4333 948 4390 σίκε-

161 4416 213 4471 τῶν
227 4413 286 4481 τοὺς
299 4415 489 4491 πιστοτάτους,
504 4416 538 4474 ἵν’
552 4415 601 4498 έχη
615 4418 660 4477 καί
674 4420 823 4499 μάρτυρας,
838 4411 901 4491 ἧκεν
914 4423 950 4485 εἰς

162 4500 192 4559 τὸ
206 4503 329 4579 τέμενος,
345 4506 393 4563 οάκ
407 4506 512 4582 ἀμελῶς
525 4506 694 4586 σχηματίσας
707 4507 809 4579 ἑαυτὸν,
824 4507 893 4566 ἀλλά
905 4530 950 4566 κο-

162 4589 268 4665 σμήσας
290 4591 378 4670 ἠρέμα
401 4593 432 4652 τὸ
455 4597 549 4672 σῶμα,
578 4597 612 4661 ὥς
638 4595 670 4653 ἀν
699 4596 817 4676 ἐρωμένη
845 4596 949 4674 μέλλων

988 746 1081 809 cupido
1094 749 1175 796 tamen
1193 759 1249 795 eum
1262 744 1323 795 bene
1335 744 1477 794 consulente
1488 743 1649 804 contendere,
1661 757 1760 806 mamque

989 850 1102 910 reputare
1116 846 1229 908 injuriam
1242 845 1311 895 utius
1322 845 1523 908 temperantiam
1544 857 1573 894 eo
1585 843 1713 894 dolentius
1723 847 1760 893 tor·

990 962 1042 998 rere
1055 950 1160 997 animam
1176 948 1200 997 in
1221 960 1304 998 amore
1318 946 1538 1010 philosophantem.
1570 945 1616 997 ilie
1630 946 1701 1009 intur
1718 946 1761 996 soii·

990 1050 1064 1111 loquii
1079 1063 1150 1112 porro
1169 1048 1297 1111 impatiens
1318 1051 1424 1098 Leonam
1445 1048 1560 1108 arcessit,
1582 1048 1625 1111 qui
1645 1049 1761 1099 vocationis

991 1148 1101 1210 intelligit
1113 1146 1211 1210 quidem
1228 1160 1347 1207 caussam,
1360 1147 1494 1196 dissimulat
1507 1150 1605 1210 tamen,
1618 1149 1643 1199 et
1655 1151 1683 1199 ut
1693 1148 1760 1199 tnrba-

990 1250 1031 1297 tus
1049 1246 1134 1304 :Quid
1150 1246 1248 1308 vigilas,
1268 1246 1320 1308 sii,
1332 1247 1405 1296 bere?
1419 1260 1479 1295 uum
1500 1249 1525 1297 te
1542 1247 1599 1309 quis
1611 1247 1697 1298 iterum
1709 1249 1761 1300 dolor

992 1347 1084 1397 insedit
1099 1346 1206 1396 mulieris
1221 1346 1361 1396 deiunetee?
1374 1346 1479 1397 Mulieris
1490 1347 1605 1410 quidem,
1619 1349 1661 1399 sed
1675 1363 1718 1400 non
1728 1350 1759 1401 de·

991 1451 1080 1500 iunctae
1099 1451 1169 1501 iliius.
1203 1449 1273 1512 Apud
1286 1452 1324 1510 te,
1343 1451 1382 1500 eui
1401 1452 1471 1502 turco
1482 1455 1508 1503 et
1527 1452 1636 1513 coutido,
1648 1454 1757 1505 siminu-

990 1554 1044 1602 tum
1054 1552 1112 1601 milri
1122 1555 1166 1602 est.
1186 1552 1327 1612 Perdidisti,
1337 1553 1471 1613 Leons;tu
1487 1553 1546 1602 mibi
1557 1555 1755 1606 malorumosusa

992 1654 1073 1711 ignem
1096 1651 1121 1699 iu
1143 1651 1243 1700 domurn
1266 1665 1344 1701 meam
1362 1651 1480 1713 intulisti,
1498 1652 1548 1703 imo
1569 1667 1627 1704 vero
1648 1655 1672 1704 iu
1686 1658 1754 1718 pontu

991 1749 1084 1799 Turbat
1105 1762 1144 1797 me
1165 1762 1264 1811 quoque
1283 1749 1389 1799 mulieris
1408 1750 1550 1812 ignorantia.
1583 1752 1697 1804 Fabulam
1712 1754 1753 1804 nint

991 1863 1087 1908 narras,
1108 1849 1231 1898 volucrem
1255 1851 1430 1911 mercatorem,
1455 1864 1529 1913 quem
1549 1865 1599 1902 nou
1617 1855 1691 1915 nosti,
1708 1854 1752 1904 uult

993 1949 1100 2010 venerit,
1116 1961 1196 2010 neque
1207 1962 1256 2011 quo
1268 1961 1350 1998 rursus
1361 1948 1455 1999 abierit.
1488 1950 1572 2000 Talem
1588 1965 1646 2002 vero
1657 1953 1706 2002 miii
1715 1951 1753 2016 quis

992 2049 1195 2113 pulchritudinem
1215 2049 1328 2098 dominus
1345 2051 1370 2099 in
1385 2049 1480 2100 deserto
1497 2051 1587 2102 vendat
1600 2053 1700 2114 talento,
1711 2064 1752 2116 que

992 2153 1117 2201 Persarum
1133 2152 1192 2214 regis
1207 2165 1264 2214 opes
1279 2152 1350 2202 vaiet.
1383 2153 1456 2215 Atqui
1479 2156 1504 2203 tc
1518 2153 1621 2205 deorum
1636 2155 1711 2220 uliquis
1721 2154 1752 2203 de·

992 2254 1063 2316 cepit.
1082 2254 1137 2316 Fige
1146 2252 1219 2303 modo
1230 2256 1350 2314 mentem,
1360 2256 1520 2319 actorumque
1530 2270 1622 2308 reuore
1630 2258 1751 2308 munorum.

991 2357 1115 2412 erosnam
1135 2355 1232 2405 vidisti?
1253 2356 1293 2404 cui
1305 2356 1401 2406 locutus
1415 2361 1458 2407 es?
1477 2357 1517 2408 dio
1538 2359 1612 2419 mibi,
1628 2359 1667 2409 sed
1680 2368 1750 2408 seruu-

992 2459 1083 2506 Narem
1099 2459 1164 2506 certe
1187 2470 1236 2507 non
1257 2456 1348 2506 vidisti.
1380 2461 1433 2509 lion
1454 2459 1519 2519 ridi,
1540 2459 1612 2522 bere,
1630 2460 1670 2512 sed
1686 2456 1751 2509 rodrt

992 2556 1021 2605 ld
1040 2555 1120 2617 ipsum
1139 2557 1184 2617 est,
1203 2555 1269 2618 quod
1288 2556 1396 2619 suspicor
1409 2561 1435 2608 ei
1448 2557 1556 2620 predixi.
1593 2558 1750 2611 Αάεοεοάίῑῢ

991 2654 1172 2717 Nympharum,
1192 2655 1235 2703 aut
1247 2656 1392 2717 Nereidum,
1406 2656 1436 2705 de
1450 2658 1520 2708 mari.
1554 2658 1604 2710 Sed
1623 2658 1750 2710 eidem

991 2759 1112 2820 occupant
1132 2758 1195 2807 stata
1215 2757 1257 2806 tati
1276 2760 1400 2822 tempora,
1423 2761 1590 2812 necessitatem
1604 2762 1651 2813 iliis
1664 2762 1749 2813 burm

994 2860 1175 2913 consuetudinis
1187 2861 1353 2925 imponentia,
1369 2862 1396 2909 ut
1410 2860 1479 2912 nobis
1490 2863 1571 2926 iigsim
1585 2865 1749 2929 solutmqnson·

991 2964 1063 3016 tionis
1083 2964 1212 3027 scriptores
1235 2966 1341 3014 narrant
1379 2965 1493 3015 Libenter
1514 2968 1668 3029 persumisset
1685 2961 1749 3018 aaut

991 3065 1134 3128 Dionysius,
1166 3065 1319 3128 magnificare
1339 3065 1479 3128 ioemiusm,
1506 3070 1531 3117 et
1554 3065 1748 3132 depresserunt

991 3158 1131 3231 muciioris,
1140 3188 1213 3236 qurum
1224 3187 1280 3236 quae
1287 3173 1383 3223 mortali
1393 3175 1474 3238 generi
1485 3181 1644 3241 congrueret,
1652 3170 1745 3229 sou’tlffit

993 3282 1084 3330 Leonas
1102 3283 1183 3331 autern
1196 3282 1254 3331 irero
1266 3281 1395 3344 palificari
1415 3283 1515 3346 cupiens
1530 3304 1535 3334 :
1550 3287 1612 3343 Qum
1631 3277 1747 3351 quidsuis

992 3386 1037 3448 sit,
1053 3386 1120 3448 bere,
1133 3387 1176 3447 ait,
1192 3400 1222 3436 ue
1234 3388 1339 3438 muitum
1352 3391 1378 3438 et
1394 3389 1466 3439 ansis
1482 3404 1628 3453 queramus.
1659 3395 1747 3456 Emi

993 3491 1057 3540 iliam
1070 3491 1126 3552 truc,
1139 3492 1184 3541 nisi
1197 3493 1272 3553 nolis,
1285 3492 1413 3542 adducam.
1445 3474 1628 3556 nequedoisss,
1638 3487 1740 3560 quercui

993 3602 1036 3651 das
1050 3601 1185 3663 amoribus,
1195 3614 1256 3664 quos
1269 3601 1295 3650 iu
1311 3603 1429 3665 potestate
1441 3601 1524 3652 babes.
1556 3570 1611 3653 iton
1623 3595 1748 3658 tumuit

996 3712 1136 3775 Dionysius,
1150 3713 1280 3774 autequam
1297 3712 1438 3772 mritierem,
1459 3726 1572 3775 quaennm
1595 3715 1640 3778 sit,
1659 3704 1747 3766 είινθει

994 3820 1141 3870 intellexero,
1174 3821 1233 3869 cras
1254 3832 1338 3868 verum
1351 3832 1381 3868 ex
1393 3832 1423 3869 ea
1439 3819 1599 3873 sciscitemur.
1631 3824 1681 3873 ilua
1691 3815 1748 3870 aut!
1775 3849 1778 3853 -

994 3938 1042 3974 nou
1056 3923 1523 3985 areessem,nevioleutioriscu1usdsm
1533 3929 1639 3978 conatus
1648 3913 1749 3990 ἰρΜ

994 4031 1087 4080 cionem
1100 4042 1249 4079 moveamus.
1283 4029 1343 4092 Sed,
1356 4030 1398 4080 ubi
1411 4031 1490 4094 primo
1502 4032 1570 4083 iiiam
1580 4032 1638 4095 ridi,
1647 4031 1689 4084 sub
1697 4017 1751 4079 od*

994 4138 1019 4184 et
1031 4135 1130 4185 arbitrio
1142 4139 1242 4187 veneris
1253 4137 1295 4187 irat
1309 4137 1378 4189 uobis
1392 4139 1549 4203 colloquium.

1026 4247 1056 4295 V.
1071 4246 1111 4295 Sic
1121 4246 1213 4307 visum,
1224 4250 1368 4311 posteroque
1377 4248 1416 4299 die
1425 4250 1567 4313 Dionysius,
1579 4227 1761 4303 musard*

995 4336 1019 4383 et
1033 4334 1136 4395 libertis,
1150 4348 1325 4401 servorumque
1342 4336 1476 4399 fidissimis,
1498 4351 1548 4402 qno
1562 4343 1637 4391 testes
1649 4340 1717 4391 εῖν
1731 4320 1766 4369 ¹¹⁸·

997 4423 1078 4484 beret,
1088 4424 1171 4474 udibat
1180 4426 1312 4488 templum,
1323 4426 1406 4477 babitu
1415 4429 1524 4490 eorporis
1532 4441 1583 4479 uon
1594 4427 1717 4492 πειθώ
1726 4415 1773 4458 ω’

995 4513 1107 4574 sinuato,
1129 4514 1172 4563 sed
1191 4517 1215 4564 et
1235 4514 1353 4565 adornato
1370 4529 1419 4566 nou
1438 4516 1498 4566 nitrii
1518 4517 1677 4583 inspeciem,
1694 4510 1736 4567 ut
1751 4487 1780 4555 l*

995 4603 1069 4652 veliet
1087 4605 1175 4652 amalec
1190 4604 1352 4665 confabulari,
1372 4607 1397 4655 ei
1415 4604 1446 4655 de
1466 4608 1556 4656 caetero
1576 4609 1667 4657 ustura
1685 4578 1786 4671 pumu

162 4678 273 4752 ὁμιλεῖν.
315 4670 369 4741 'iis
391 4681 477 4740 δὲκαὶ
498 4682 574 4762 φύσει
589 4683 669 4750 καλός
688 4707 717 4742 τε
736 4685 782 4743 καί
800 4683 883 4762 μέγας
904 4685 950 4744 καί
997 4681 1375 4754 esset,etprocernsetomninm
1385 4693 1650 4746 maximevenerabilis
1661 4667 1794 4759 σφώ

124 4781 150 4820 ευ
164 4764 279 4838 μάλιστα
297 4769 403 4828 πάντων
416 4769 510 4848 σεμνὸς
523 4773 644 4853 ἀρθῆναι.
688 4778 795 4840 Λεωνᾶς
813 4772 840 4831 δὲ
858 4796 950 4853 παρα·
998 4781 1089 4828 Mones
1108 4782 1189 4830 autem
1209 4794 1266 4830 eum
1278 4782 1399 4845 Plangoue
1412 4784 1436 4832 et
1448 4782 1546 4845 reliquls
1558 4783 1729 4834 familiaribus
1780 4836 1784 4845 ,

163 4851 253 4909 λαθὼν
279 4854 326 4925 τὴν
343 4859 503 4937 ΙΙλαγγόνα,
523 4861 568 4920 καί
591 4863 648 4935 μετ’
668 4861 748 4933 αὐτῆς
768 4858 816 4929 τάς
833 4862 950 4935 συνήθεις
997 4867 1093 4916 lirrlroae
1105 4869 1236 4920 anciliubus
1248 4870 1311 4920 banc
1321 4869 1371 4920 edit
1383 4873 1407 4921 et
1421 4870 1462 4921 tali
1475 4884 1587 4923 sermone
1598 4871 1692 4924 inuadit
1706 4880 1727 4920 ε
1765 4843 1794 4892 ⁰¹⁶

162 4941 196 5015 τῇ
214 4941 363 5022 Καλλιρρόῃ
379 4947 577 5025 θεραπαινίδας,
589 4941 639 5020 ἧκε
656 4948 722 5029 πρὸς
736 4947 819 5022 αὐτὴν
840 4950 886 5009 καὶ
900 4951 950 5010 λέ-
996 4956 1081 5018 nysius
1090 4960 1127 5008 esi
1136 4958 1182 5021 vir,
1195 4946 1268 5021 πηοί,
1278 4959 1297 5008 si
1308 4960 1362 5023 quis
1371 4959 1440 5020 alius,
1449 4960 1580 5025 legumque
1593 4960 1685 5025 riguum
1692 4928 1794 5010 ⁶54⁰

163 5047 216 5098 γει·
231 5029 363 5098 Διονύσιος
377 5034 443 5114 ἀνὴρ
457 5036 620 5105 δικαιότατός
632 5041 687 5096 ἐστι
700 5037 746 5097 καί
760 5038 949 5117 νομιμώτατος.
997 5046 1059 5095 linio
1079 5058 1151 5110 ergo,
1167 5046 1263 5107 muller,
1287 5048 1311 5097 iu
1335 5048 1390 5097 tono
1411 5047 1491 5110 dicus,
1506 5048 1547 5100 sed
1568 5062 1656 5101 νεσυπι
1671 5023 1794 5114 Μ

163 5102 231 5175 Ἧκε
252 5115 336 5175 τοίνυν
358 5123 394 5189 είς
411 5123 441 5181 τδ
461 5124 542 5205 ἱερὸν,
562 5116 584 5184 ὦ
603 5125 695 5204 γύναι,
720 5125 765 5185 καί
786 5127 852 5208 πρὸς
873 5124 951 5186 αὖτὀν
996 5135 1144 5186 inridemsis.
1177 5137 1250 5188 liutto
1264 5139 1424 5189 enimmerito
1436 5139 1530 5190 carebis
1544 5139 1646 5191 auxilio.
1669 5108 1794 5191 ’ΜΝ
