<?xml version="1.0" encoding="UTF-8"?>
<!DOCTYPE html PUBLIC "-//W3C//DTD XHTML 1.0 Transitional//EN"
    "http://www.w3.org/TR/xhtml1/DTD/xhtml1-transitional.dtd">
<html xmlns="http://www.w3.org/1999/xhtml" xml:lang="en" lang="en">
 <head>
  <title>
</title>
<meta http-equiv="Content-Type" content="text/html;charset=utf-8" />
  <meta name='ocr-system' content='tesseract 3.04.00' />
  <meta name='ocr-capabilities' content='ocr_page ocr_carea ocr_par ocr_line ocrx_word'/>
</head>
<body>
  <div class='ocr_page' id='page_1' title='image "./eroticiscriptor00hirsgoog/eroticiscriptor00hirsgoog_0460.png"; bbox 0 0 3726 5692; ppageno 0'>
   <div class='ocr_carea' id='block_1_1' title="bbox 825 344 985 404">
    <p class='ocr_par' dir='ltr' id='par_1_1' title="bbox 825 344 985 404">
     <span class='ocr_line' id='line_1_1' title="bbox 825 344 985 404; baseline -0.013 -2"><span class='ocrx_word' id='word_1_1' title='bbox 825 344 939 404; x_wconf 81' lang='lat' dir='ltr'>LIBER</span> <span class='ocrx_word' id='word_1_2' title='bbox 961 347 985 403; x_wconf 92' lang='lat'><strong>1.</strong></span> 
     </span>
    </p>
   </div>
   <div class='ocr_carea' id='block_1_2' title="bbox 90 466 879 4349">
    <p class='ocr_par' dir='ltr' id='par_1_2' title="bbox 90 466 879 1878">
     <span class='ocr_line' id='line_1_2' title="bbox 90 466 875 554; baseline -0.001 -21"><span class='ocrx_word' id='word_1_3' title='bbox 90 473 187 546; x_wconf 77' lang='grc' dir='ltr'>λεπτὴν</span> <span class='ocrx_word' id='word_1_4' title='bbox 203 475 299 554; x_wconf 81' lang='grc' dir='ltr'>ἀφεῖσα</span> <span class='ocrx_word' id='word_1_5' title='bbox 315 471 419 551; x_wconf 89' lang='grc' dir='ltr'>φωνήν·</span> <span class='ocrx_word' id='word_1_6' title='bbox 442 471 583 546; x_wconf 75' lang='grc' dir='ltr'>Ἐλέησον,</span> <span class='ocrx_word' id='word_1_7' title='bbox 601 472 672 539; x_wconf 84' lang='grc' dir='ltr'>ὅστις</span> <span class='ocrx_word' id='word_1_8' title='bbox 694 476 752 532; x_wconf 89' lang='grc' dir='ltr'>ποτ’</span> <span class='ocrx_word' id='word_1_9' title='bbox 774 466 811 545; x_wconf 81' lang='grc' dir='ltr'><strong>εί,</strong></span> <span class='ocrx_word' id='word_1_10' title='bbox 827 474 875 546; x_wconf 79' lang='grc' dir='ltr'><strong>τὴν</strong></span> 
     </span>
     <span class='ocr_line' id='line_1_3' title="bbox 90 560 877 641; baseline 0 -19"><span class='ocrx_word' id='word_1_11' title='bbox 90 565 135 622; x_wconf 81' lang='grc' dir='ltr'><strong>οὐκ</strong></span> <span class='ocrx_word' id='word_1_12' title='bbox 147 566 299 635; x_wconf 83' lang='grc' dir='ltr'>ἐλεηθεῖσαν</span> <span class='ocrx_word' id='word_1_13' title='bbox 311 560 354 619; x_wconf 73' lang='grc' dir='ltr'><strong>ὑπ’</strong></span> <span class='ocrx_word' id='word_1_14' title='bbox 371 560 477 641; x_wconf 84' lang='grc' dir='ltr'>ἀνδρός,</span> <span class='ocrx_word' id='word_1_15' title='bbox 491 561 549 620; x_wconf 78' lang='grc' dir='ltr'>οὐδὲ</span> <span class='ocrx_word' id='word_1_16' title='bbox 564 561 676 639; x_wconf 77' lang='grc' dir='ltr'>γονέων·</span> <span class='ocrx_word' id='word_1_17' title='bbox 700 561 738 639; x_wconf 83' lang='grc' dir='ltr'><strong>μή</strong></span> <span class='ocrx_word' id='word_1_18' title='bbox 754 564 877 622; x_wconf 82' lang='grc' dir='ltr'>ἀποκτεί-</span> 
     </span>
     <span class='ocr_line' id='line_1_4' title="bbox 90 649 878 731; baseline 0.003 -22"><span class='ocrx_word' id='word_1_19' title='bbox 90 677 133 724; x_wconf 85' lang='grc' dir='ltr'><strong>νης</strong></span> <span class='ocrx_word' id='word_1_20' title='bbox 151 652 185 723; x_wconf 81' lang='grc' dir='ltr'><strong>ήν</strong></span> <span class='ocrx_word' id='word_1_21' title='bbox 207 650 336 716; x_wconf 88' lang='grc' dir='ltr'>σίσωκας.</span> <span class='ocrx_word' id='word_1_22' title='bbox 380 651 492 710; x_wconf 77' lang='grc' dir='ltr'>Μᾶλλον</span> <span class='ocrx_word' id='word_1_23' title='bbox 512 649 656 731; x_wconf 72' lang='grc' dir='ltr'>ἐθάρσησεν</span> <span class='ocrx_word' id='word_1_24' title='bbox 678 649 817 729; x_wconf 83' lang='grc' dir='ltr'>όΘήρων,</span> <span class='ocrx_word' id='word_1_25' title='bbox 833 653 878 711; x_wconf 83' lang='grc' dir='ltr'>καί</span> 
     </span>
     <span class='ocr_line' id='line_1_5' title="bbox 90 717 879 817; baseline -0.003 -18"><span class='ocrx_word' id='word_1_26' title='bbox 90 717 128 799; x_wconf 66' lang='grc' dir='ltr'><strong>ἀα</strong></span> <span class='ocrx_word' id='word_1_27' title='bbox 143 738 225 807; x_wconf 82' lang='grc' dir='ltr'>δεινὸς</span> <span class='ocrx_word' id='word_1_28' title='bbox 239 739 305 817; x_wconf 79' lang='grc' dir='ltr'>ἀνὴρ</span> <span class='ocrx_word' id='word_1_29' title='bbox 320 736 411 809; x_wconf 80' lang='grc' dir='ltr'>ἐνόησε</span> <span class='ocrx_word' id='word_1_30' title='bbox 431 736 479 808; x_wconf 80' lang='grc' dir='ltr'><strong>τὴν</strong></span> <span class='ocrx_word' id='word_1_31' title='bbox 495 736 629 810; x_wconf 78' lang='grc' dir='ltr'>ἀλήθειαν.</span> <span class='ocrx_word' id='word_1_32' title='bbox 672 733 758 810; x_wconf 81' lang='grc' dir='ltr'>Ἐστη</span> <span class='ocrx_word' id='word_1_33' title='bbox 772 740 799 797; x_wconf 79' lang='grc' dir='ltr'><strong>δὲ</strong></span> <span class='ocrx_word' id='word_1_34' title='bbox 814 738 879 797; x_wconf 93' lang='grc' dir='ltr'>σύν-</span> 
     </span>
     <span class='ocr_line' id='line_1_6' title="bbox 90 823 879 906; baseline -0.005 -17"><span class='ocrx_word' id='word_1_35' title='bbox 90 852 142 896; x_wconf 82' lang='grc' dir='ltr'>ιους</span> <span class='ocrx_word' id='word_1_36' title='bbox 155 827 202 888; x_wconf 85' lang='grc' dir='ltr'><strong>καλ</strong></span> <span class='ocrx_word' id='word_1_37' title='bbox 216 825 246 886; x_wconf 78' lang='grc' dir='ltr'><strong>τό</strong></span> <span class='ocrx_word' id='word_1_38' title='bbox 267 824 315 902; x_wconf 75' lang='lat' dir='ltr'><strong>pls</strong></span> <span class='ocrx_word' id='word_1_39' title='bbox 329 827 432 906; x_wconf 80' lang='grc' dir='ltr'>πρῶτον</span> <span class='ocrx_word' id='word_1_40' title='bbox 456 823 629 883; x_wconf 77' lang='grc' dir='ltr'>ἀύουλεύσατο</span> <span class='ocrx_word' id='word_1_41' title='bbox 643 825 743 884; x_wconf 81' lang='grc' dir='ltr'>κτεῖναι</span> <span class='ocrx_word' id='word_1_42' title='bbox 763 826 812 898; x_wconf 78' lang='grc' dir='ltr'><strong>τήν</strong></span> <span class='ocrx_word' id='word_1_43' title='bbox 825 850 879 904; x_wconf 90' lang='grc' dir='ltr'><strong>γυ-</strong></span> 
     </span>
     <span class='ocr_line' id='line_1_7' title="bbox 90 911 877 995; baseline 0 -23"><span class='ocrx_word' id='word_1_44' title='bbox 90 924 184 990; x_wconf 70' lang='grc' dir='ltr'>ναῖκα,</span> <span class='ocrx_word' id='word_1_45' title='bbox 208 913 321 991; x_wconf 77' lang='grc' dir='ltr'>νομίζων</span> <span class='ocrx_word' id='word_1_46' title='bbox 336 911 460 989; x_wconf 72' lang='grc' dir='ltr'>ἐμπόδιον</span> <span class='ocrx_word' id='word_1_47' title='bbox 481 912 587 972; x_wconf 75' lang='grc' dir='ltr'>ἔσεσθαι</span> <span class='ocrx_word' id='word_1_48' title='bbox 600 917 647 985; x_wconf 79' lang='grc' dir='ltr'>τῆς</span> <span class='ocrx_word' id='word_1_49' title='bbox 661 913 724 983; x_wconf 81' lang='grc' dir='ltr'>ὅλης</span> <span class='ocrx_word' id='word_1_50' title='bbox 747 913 877 995; x_wconf 79' lang='grc' dir='ltr'>πράξεως·</span> 
     </span>
     <span class='ocr_line' id='line_1_8' title="bbox 90 998 878 1085; baseline -0.003 -23"><span class='ocrx_word' id='word_1_51' title='bbox 90 1012 182 1085; x_wconf 83' lang='grc' dir='ltr'>ταχεῖα</span> <span class='ocrx_word' id='word_1_52' title='bbox 203 1002 232 1061; x_wconf 75' lang='grc' dir='ltr'><strong>δὲ</strong></span> <span class='ocrx_word' id='word_1_53' title='bbox 256 1001 300 1059; x_wconf 68' lang='lat' dir='ltr'><strong>tre</strong></span> <span class='ocrx_word' id='word_1_54' title='bbox 322 999 351 1059; x_wconf 88' lang='grc' dir='ltr'><strong>τδ</strong></span> <span class='ocrx_word' id='word_1_55' title='bbox 365 998 456 1078; x_wconf 74' lang='grc' dir='ltr'>κάρδος</span> <span class='ocrx_word' id='word_1_56' title='bbox 480 1001 581 1079; x_wconf 79' lang='grc' dir='ltr'>ἐγένετο</span> <span class='ocrx_word' id='word_1_57' title='bbox 604 1001 729 1079; x_wconf 86' lang='grc' dir='ltr'>μετάνοια</span> <span class='ocrx_word' id='word_1_58' title='bbox 749 1001 795 1060; x_wconf 85' lang='grc' dir='ltr'><strong>καλ</strong></span> <span class='ocrx_word' id='word_1_59' title='bbox 815 1002 878 1083; x_wconf 79' lang='grc' dir='ltr'>πρὸς</span> 
     </span>
     <span class='ocr_line' id='line_1_9' title="bbox 90 1082 877 1170; baseline 0 -21"><span class='ocrx_word' id='word_1_60' title='bbox 90 1091 165 1152; x_wconf 80' lang='grc' dir='ltr'>ιθτδν</span> <span class='ocrx_word' id='word_1_61' title='bbox 189 1082 279 1150; x_wconf 82' lang='grc' dir='ltr'>ε’ίπιν·</span> <span class='ocrx_word' id='word_1_62' title='bbox 298 1087 390 1147; x_wconf 85' lang='grc' dir='ltr'>Ἔστω</span> <span class='ocrx_word' id='word_1_63' title='bbox 410 1088 455 1146; x_wconf 88' lang='grc' dir='ltr'><strong>καλ</strong></span> <span class='ocrx_word' id='word_1_64' title='bbox 479 1088 545 1160; x_wconf 77' lang='grc' dir='ltr'>αύτλ</span> <span class='ocrx_word' id='word_1_65' title='bbox 561 1092 613 1147; x_wconf 83' lang='grc' dir='ltr'><strong>τῶν</strong></span> <span class='ocrx_word' id='word_1_66' title='bbox 638 1088 765 1170; x_wconf 80' lang='grc' dir='ltr'>ἀνταφίων</span> <span class='ocrx_word' id='word_1_67' title='bbox 787 1091 877 1170; x_wconf 72' lang='grc' dir='ltr'>μέρος·</span> 
     </span>
     <span class='ocr_line' id='line_1_10' title="bbox 90 1177 877 1258; baseline -0.003 -19"><span class='ocrx_word' id='word_1_68' title='bbox 90 1179 166 1246; x_wconf 86' lang='grc' dir='ltr'>τολθς</span> <span class='ocrx_word' id='word_1_69' title='bbox 180 1177 229 1257; x_wconf 72' lang='grc' dir='ltr'>μὲν</span> <span class='ocrx_word' id='word_1_70' title='bbox 246 1178 356 1258; x_wconf 75' lang='grc' dir='ltr'>ἄργυρος</span> <span class='ocrx_word' id='word_1_71' title='bbox 370 1178 498 1254; x_wconf 80' lang='grc' dir='ltr'>ἐνταῦθα,</span> <span class='ocrx_word' id='word_1_72' title='bbox 512 1178 593 1243; x_wconf 82' lang='grc' dir='ltr'>πολὺς</span> <span class='ocrx_word' id='word_1_73' title='bbox 607 1177 633 1234; x_wconf 77' lang='lat' dir='ltr'><strong>dl</strong></span> <span class='ocrx_word' id='word_1_74' title='bbox 657 1177 766 1258; x_wconf 81' lang='grc' dir='ltr'>χρυσός,</span> <span class='ocrx_word' id='word_1_75' title='bbox 779 1178 877 1237; x_wconf 89' lang='grc' dir='ltr'>τούτων</span> 
     </span>
     <span class='ocr_line' id='line_1_11' title="bbox 90 1263 878 1343; baseline -0.003 -17"><span class='ocrx_word' id='word_1_76' title='bbox 90 1267 113 1326; x_wconf 74' lang='grc' dir='ltr'><strong>δὲ</strong></span> <span class='ocrx_word' id='word_1_77' title='bbox 127 1265 236 1326; x_wconf 81' lang='grc' dir='ltr'>πάντων</span> <span class='ocrx_word' id='word_1_78' title='bbox 253 1267 283 1324; x_wconf 88' lang='grc' dir='ltr'><strong>τδ</strong></span> <span class='ocrx_word' id='word_1_79' title='bbox 294 1269 341 1336; x_wconf 80' lang='grc' dir='ltr'>τῆς</span> <span class='ocrx_word' id='word_1_80' title='bbox 355 1263 476 1341; x_wconf 83' lang='grc' dir='ltr'>γυναικός</span> <span class='ocrx_word' id='word_1_81' title='bbox 489 1264 644 1343; x_wconf 85' lang='grc' dir='ltr'>τιμιώτερον</span> <span class='ocrx_word' id='word_1_82' title='bbox 671 1265 775 1332; x_wconf 79' lang='grc' dir='ltr'>κάλλος.</span> <span class='ocrx_word' id='word_1_83' title='bbox 816 1269 878 1326; x_wconf 81' lang='grc' dir='ltr'>Λα-</span> 
     </span>
     <span class='ocr_line' id='line_1_12' title="bbox 90 1345 877 1434; baseline -0.001 -20"><span class='ocrx_word' id='word_1_84' title='bbox 90 1355 199 1434; x_wconf 78' lang='grc' dir='ltr'>θόμενος</span> <span class='ocrx_word' id='word_1_85' title='bbox 209 1345 254 1414; x_wconf 77' lang='grc' dir='ltr'>σύν</span> <span class='ocrx_word' id='word_1_86' title='bbox 268 1357 314 1425; x_wconf 76' lang='grc' dir='ltr'>τῆς</span> <span class='ocrx_word' id='word_1_87' title='bbox 327 1352 414 1432; x_wconf 83' lang='grc' dir='ltr'>χειρὸς</span> <span class='ocrx_word' id='word_1_88' title='bbox 424 1351 549 1429; x_wconf 77' lang='grc' dir='ltr'>ἐξήγαγεν</span> <span class='ocrx_word' id='word_1_89' title='bbox 573 1353 666 1424; x_wconf 84' lang='grc' dir='ltr'>αὐτήν.</span> <span class='ocrx_word' id='word_1_90' title='bbox 710 1345 778 1414; x_wconf 73' lang='grc' dir='ltr'>Εἶτα</span> <span class='ocrx_word' id='word_1_91' title='bbox 795 1353 877 1414; x_wconf 80' lang='grc' dir='ltr'>κοιλί-</span> 
     </span>
     <span class='ocr_line' id='line_1_13' title="bbox 90 1441 876 1524; baseline 0.005 -22"><span class='ocrx_word' id='word_1_92' title='bbox 90 1467 132 1512; x_wconf 85' lang='grc' dir='ltr'><strong>εας</strong></span> <span class='ocrx_word' id='word_1_93' title='bbox 148 1444 195 1503; x_wconf 84' lang='grc' dir='ltr'><strong>τόν</strong></span> <span class='ocrx_word' id='word_1_94' title='bbox 209 1441 348 1524; x_wconf 89' lang='grc' dir='ltr'>συνεργόν·</span> <span class='ocrx_word' id='word_1_95' title='bbox 363 1441 448 1517; x_wconf 80' lang='grc' dir='ltr'>Ἰδοὺ,</span> <span class='ocrx_word' id='word_1_96' title='bbox 464 1443 552 1523; x_wconf 83' lang='grc' dir='ltr'>φησὶν,</span> <span class='ocrx_word' id='word_1_97' title='bbox 566 1446 580 1500; x_wconf 83' lang='grc' dir='ltr'>θ</span> <span class='ocrx_word' id='word_1_98' title='bbox 599 1441 711 1520; x_wconf 86' lang='grc' dir='ltr'>δαίμων,</span> <span class='ocrx_word' id='word_1_99' title='bbox 724 1442 753 1502; x_wconf 87' lang='grc' dir='ltr'><strong>θν</strong></span> <span class='ocrx_word' id='word_1_100' title='bbox 772 1443 876 1524; x_wconf 78' lang='grc' dir='ltr'>ἔφοθοῦ.</span> 
     </span>
     <span class='ocr_line' id='line_1_14' title="bbox 90 1529 877 1611; baseline -0.001 -20"><span class='ocrx_word' id='word_1_101' title='bbox 90 1532 171 1611; x_wconf 55' lang='grc' dir='ltr'>ιαλύς,</span> <span class='ocrx_word' id='word_1_102' title='bbox 184 1555 215 1611; x_wconf 91' lang='grc' dir='ltr'><strong>γε</strong></span> <span class='ocrx_word' id='word_1_103' title='bbox 233 1529 333 1611; x_wconf 77' lang='grc' dir='ltr'>λῃστής</span> <span class='ocrx_word' id='word_1_104' title='bbox 348 1530 470 1611; x_wconf 82' lang='grc' dir='ltr'>φούηθελς</span> <span class='ocrx_word' id='word_1_105' title='bbox 490 1529 535 1588; x_wconf 85' lang='grc' dir='ltr'><strong>καλ</strong></span> <span class='ocrx_word' id='word_1_106' title='bbox 558 1534 680 1609; x_wconf 85' lang='grc' dir='ltr'>γυναῖκα.</span> <span class='ocrx_word' id='word_1_107' title='bbox 723 1530 816 1607; x_wconf 80' lang='grc' dir='ltr'>Ὑμεῖς</span> <span class='ocrx_word' id='word_1_108' title='bbox 829 1533 877 1606; x_wconf 69' lang='grc' dir='ltr'><strong>μὲν</strong></span> 
     </span>
     <span class='ocr_line' id='line_1_15' title="bbox 90 1612 877 1702; baseline -0.001 -23"><span class='ocrx_word' id='word_1_109' title='bbox 90 1612 130 1679; x_wconf 80' lang='grc' dir='ltr'><strong>ιθν</strong></span> <span class='ocrx_word' id='word_1_110' title='bbox 143 1620 289 1702; x_wconf 74' lang='grc' dir='ltr'>φυλάττετε</span> <span class='ocrx_word' id='word_1_111' title='bbox 302 1619 414 1690; x_wconf 88' lang='grc' dir='ltr'>ταύτην·</span> <span class='ocrx_word' id='word_1_112' title='bbox 428 1618 496 1677; x_wconf 84' lang='grc' dir='ltr'>θίλω</span> <span class='ocrx_word' id='word_1_113' title='bbox 507 1617 558 1699; x_wconf 85' lang='grc' dir='ltr'>γάρ</span> <span class='ocrx_word' id='word_1_114' title='bbox 570 1619 651 1692; x_wconf 73' lang='grc' dir='ltr'>αὐτὴν</span> <span class='ocrx_word' id='word_1_115' title='bbox 668 1621 810 1680; x_wconf 82' lang='grc' dir='ltr'>ἀποδοῦναι</span> <span class='ocrx_word' id='word_1_116' title='bbox 823 1629 877 1689; x_wconf 89' lang='grc' dir='ltr'>τοῖς</span> 
     </span>
     <span class='ocr_line' id='line_1_16' title="bbox 90 1706 875 1790; baseline 0 -21"><span class='ocrx_word' id='word_1_117' title='bbox 90 1714 217 1787; x_wconf 79' lang='grc' dir='ltr'>γονεῦσιν.</span> <span class='ocrx_word' id='word_1_118' title='bbox 260 1708 354 1786; x_wconf 83' lang='grc' dir='ltr'>Ἡμεῖς</span> <span class='ocrx_word' id='word_1_119' title='bbox 369 1707 391 1766; x_wconf 91' lang='grc' dir='ltr'><strong>δ’</strong></span> <span class='ocrx_word' id='word_1_120' title='bbox 405 1706 557 1790; x_wconf 80' lang='grc' dir='ltr'>ἓκφίρωμεν</span> <span class='ocrx_word' id='word_1_121' title='bbox 568 1706 603 1766; x_wconf 83' lang='grc' dir='ltr'>τά</span> <span class='ocrx_word' id='word_1_122' title='bbox 616 1708 687 1769; x_wconf 85' lang='grc' dir='ltr'>ἔνδον</span> <span class='ocrx_word' id='word_1_123' title='bbox 703 1709 875 1788; x_wconf 79' lang='grc' dir='ltr'>ἀποκείμενα,</span> 
     </span>
     <span class='ocr_line' id='line_1_17' title="bbox 90 1796 666 1878; baseline 0.002 -20"><span class='ocrx_word' id='word_1_124' title='bbox 90 1799 182 1872; x_wconf 81' lang='grc' dir='ltr'>ιηκύτι</span> <span class='ocrx_word' id='word_1_125' title='bbox 195 1798 264 1875; x_wconf 79' lang='grc' dir='ltr'>μηδὲ</span> <span class='ocrx_word' id='word_1_126' title='bbox 281 1801 328 1869; x_wconf 78' lang='grc' dir='ltr'>τῆς</span> <span class='ocrx_word' id='word_1_127' title='bbox 339 1805 432 1878; x_wconf 82' lang='grc' dir='ltr'>νεκρᾶς</span> <span class='ocrx_word' id='word_1_128' title='bbox 447 1796 513 1855; x_wconf 88' lang='grc' dir='ltr'><strong>αύτά</strong></span> <span class='ocrx_word' id='word_1_129' title='bbox 526 1797 666 1877; x_wconf 87' lang='grc' dir='ltr'>τηρούσης.</span> 
     </span>
    </p>

    <p class='ocr_par' dir='ltr' id='par_1_3' title="bbox 90 1883 878 4349">
     <span class='ocr_line' id='line_1_18' title="bbox 123 1883 876 1968; baseline -0.004 -20"><span class='ocrx_word' id='word_1_130' title='bbox 123 1887 159 1948; x_wconf 83' lang='grc'><strong>1’.</strong></span> <span class='ocrx_word' id='word_1_131' title='bbox 183 1885 263 1948; x_wconf 81' lang='grc' dir='ltr'>Ἐπεί</span> <span class='ocrx_word' id='word_1_132' title='bbox 284 1887 306 1944; x_wconf 89' lang='grc' dir='ltr'><strong>δ’</strong></span> <span class='ocrx_word' id='word_1_133' title='bbox 321 1883 469 1957; x_wconf 72' lang='grc' dir='ltr'>ἐνέπλησαν</span> <span class='ocrx_word' id='word_1_134' title='bbox 489 1884 533 1943; x_wconf 87' lang='grc' dir='ltr'><strong>τὸν</strong></span> <span class='ocrx_word' id='word_1_135' title='bbox 548 1885 646 1957; x_wconf 70' lang='grc' dir='ltr'>κελητα</span> <span class='ocrx_word' id='word_1_136' title='bbox 668 1888 720 1944; x_wconf 83' lang='grc' dir='ltr'><strong>τῶν</strong></span> <span class='ocrx_word' id='word_1_137' title='bbox 742 1886 876 1968; x_wconf 91' lang='grc' dir='ltr'>λαφύρων,</span> 
     </span>
     <span class='ocr_line' id='line_1_19' title="bbox 90 1971 876 2053; baseline 0 -21"><span class='ocrx_word' id='word_1_138' title='bbox 90 1973 221 2034; x_wconf 74' lang='grc' dir='ltr'>ίκάλευσεν</span> <span class='ocrx_word' id='word_1_139' title='bbox 236 1977 251 2032; x_wconf 90' lang='grc' dir='ltr'>θ</span> <span class='ocrx_word' id='word_1_140' title='bbox 261 1971 361 2053; x_wconf 84' lang='grc' dir='ltr'>Θήρων</span> <span class='ocrx_word' id='word_1_141' title='bbox 372 1972 416 2032; x_wconf 80' lang='grc' dir='ltr'><strong>τόν</strong></span> <span class='ocrx_word' id='word_1_142' title='bbox 426 1971 532 2052; x_wconf 88' lang='grc' dir='ltr'>φύλακα</span> <span class='ocrx_word' id='word_1_143' title='bbox 548 1973 639 2053; x_wconf 80' lang='grc' dir='ltr'>μικρὸν</span> <span class='ocrx_word' id='word_1_144' title='bbox 651 1975 798 2045; x_wconf 78' lang='grc' dir='ltr'>ἀποστῆναι</span> <span class='ocrx_word' id='word_1_145' title='bbox 809 1972 876 2053; x_wconf 88' lang='grc' dir='ltr'><strong>μετά</strong></span> 
     </span>
     <span class='ocr_line' id='line_1_20' title="bbox 90 2052 874 2143; baseline 0.004 -22"><span class='ocrx_word' id='word_1_146' title='bbox 90 2069 131 2137; x_wconf 75' lang='grc' dir='ltr'>τῆς</span> <span class='ocrx_word' id='word_1_147' title='bbox 154 2061 287 2143; x_wconf 90' lang='grc' dir='ltr'>γυναικός.</span> <span class='ocrx_word' id='word_1_148' title='bbox 341 2052 407 2122; x_wconf 80' lang='grc' dir='ltr'>Εἶτα</span> <span class='ocrx_word' id='word_1_149' title='bbox 431 2060 527 2140; x_wconf 79' lang='grc' dir='ltr'>βουλὴν</span> <span class='ocrx_word' id='word_1_150' title='bbox 551 2061 678 2142; x_wconf 75' lang='grc' dir='ltr'>προύθηκε</span> <span class='ocrx_word' id='word_1_151' title='bbox 699 2062 760 2143; x_wconf 76' lang='grc' dir='ltr'>περὶ</span> <span class='ocrx_word' id='word_1_152' title='bbox 784 2063 874 2135; x_wconf 67' lang='grc' dir='ltr'>αὐτῆς.</span> 
     </span>
     <span class='ocr_line' id='line_1_21' title="bbox 91 2149 877 2231; baseline -0.003 -19"><span class='ocrx_word' id='word_1_153' title='bbox 91 2150 226 2229; x_wconf 79' lang='grc' dir='ltr'>Εγάνοντο</span> <span class='ocrx_word' id='word_1_154' title='bbox 237 2151 260 2210; x_wconf 82' lang='grc' dir='ltr'><strong>δ’</strong></span> <span class='ocrx_word' id='word_1_155' title='bbox 275 2153 303 2208; x_wconf 79' lang='grc' dir='ltr'>αἱ</span> <span class='ocrx_word' id='word_1_156' title='bbox 315 2154 418 2230; x_wconf 81' lang='grc' dir='ltr'>γνῶμαι</span> <span class='ocrx_word' id='word_1_157' title='bbox 433 2149 551 2231; x_wconf 82' lang='grc' dir='ltr'>διάφοροι</span> <span class='ocrx_word' id='word_1_158' title='bbox 564 2151 609 2208; x_wconf 87' lang='grc' dir='ltr'><strong>καλ</strong></span> <span class='ocrx_word' id='word_1_159' title='bbox 624 2150 750 2223; x_wconf 74' lang='grc' dir='ltr'>ἀλλήλαις</span> <span class='ocrx_word' id='word_1_160' title='bbox 764 2154 877 2210; x_wconf 77' lang='grc' dir='ltr'>ὑπεναν-</span> 
     </span>
     <span class='ocr_line' id='line_1_22' title="bbox 90 2229 877 2320; baseline 0.004 -23"><span class='ocrx_word' id='word_1_161' title='bbox 90 2241 149 2300; x_wconf 72' lang='grc' dir='ltr'>τίαι.</span> <span class='ocrx_word' id='word_1_162' title='bbox 194 2241 303 2320; x_wconf 78' lang='grc' dir='ltr'>Πρῶτος</span> <span class='ocrx_word' id='word_1_163' title='bbox 314 2239 365 2318; x_wconf 87' lang='grc' dir='ltr'><strong>γάρ</strong></span> <span class='ocrx_word' id='word_1_164' title='bbox 379 2262 418 2305; x_wconf 91' lang='grc' dir='ltr'>τις</span> <span class='ocrx_word' id='word_1_165' title='bbox 429 2229 511 2296; x_wconf 76' lang='grc' dir='ltr'>εἶπεν·</span> <span class='ocrx_word' id='word_1_166' title='bbox 526 2238 585 2319; x_wconf 81' lang='grc' dir='ltr'><strong>Ἐφ’</strong></span> <span class='ocrx_word' id='word_1_167' title='bbox 601 2237 677 2319; x_wconf 75' lang='grc' dir='ltr'>ἕτερα</span> <span class='ocrx_word' id='word_1_168' title='bbox 692 2239 740 2317; x_wconf 78' lang='grc' dir='ltr'><strong>μὲν</strong></span> <span class='ocrx_word' id='word_1_169' title='bbox 753 2238 877 2317; x_wconf 81' lang='grc' dir='ltr'>ἤλθομεν,</span> 
     </span>
     <span class='ocr_line' id='line_1_23' title="bbox 90 2318 876 2408; baseline 0.001 -21"><span class='ocrx_word' id='word_1_170' title='bbox 90 2318 103 2387; x_wconf 79' lang='grc' dir='ltr'>θ</span> <span class='ocrx_word' id='word_1_171' title='bbox 118 2330 330 2408; x_wconf 71' lang='grc' dir='ltr'>συστρατιῶται,</span> <span class='ocrx_word' id='word_1_172' title='bbox 348 2327 448 2406; x_wconf 79' lang='grc' dir='ltr'>βέλτιον</span> <span class='ocrx_word' id='word_1_173' title='bbox 463 2326 533 2384; x_wconf 82' lang='grc' dir='ltr'>δὲτὸ</span> <span class='ocrx_word' id='word_1_174' title='bbox 555 2327 629 2405; x_wconf 85' lang='grc' dir='ltr'><strong>παρά</strong></span> <span class='ocrx_word' id='word_1_175' title='bbox 641 2330 688 2398; x_wconf 78' lang='grc' dir='ltr'>τῆς</span> <span class='ocrx_word' id='word_1_176' title='bbox 705 2326 787 2408; x_wconf 78' lang='grc' dir='ltr'>τύχης</span> <span class='ocrx_word' id='word_1_177' title='bbox 809 2331 876 2388; x_wconf 87' lang='grc' dir='ltr'>ἀπο-</span> 
     </span>
     <span class='ocr_line' id='line_1_24' title="bbox 90 2414 877 2498; baseline 0.001 -25"><span class='ocrx_word' id='word_1_178' title='bbox 90 2415 192 2488; x_wconf 74' lang='grc' dir='ltr'>ῖὲὅηκε·</span> <span class='ocrx_word' id='word_1_179' title='bbox 199 2415 361 2495; x_wconf 83' lang='grc' dir='ltr'>χρησώμεθα</span> <span class='ocrx_word' id='word_1_180' title='bbox 373 2417 455 2494; x_wconf 82' lang='grc' dir='ltr'>αύτῷ·</span> <span class='ocrx_word' id='word_1_181' title='bbox 470 2415 601 2492; x_wconf 84' lang='grc' dir='ltr'>δυνάμεθα</span> <span class='ocrx_word' id='word_1_182' title='bbox 609 2414 660 2493; x_wconf 76' lang='grc' dir='ltr'><strong>γάρ</strong></span> <span class='ocrx_word' id='word_1_183' title='bbox 669 2416 811 2483; x_wconf 76' lang='grc' dir='ltr'>ἀκινδύνως</span> <span class='ocrx_word' id='word_1_184' title='bbox 823 2420 877 2498; x_wconf 80' lang='lat' dir='ltr'><strong>stp-</strong></span> 
     </span>
     <span class='ocr_line' id='line_1_25' title="bbox 90 2502 875 2584; baseline 0.001 -22"><span class='ocrx_word' id='word_1_185' title='bbox 90 2503 198 2578; x_wconf 67' lang='grc' dir='ltr'>γάσθαι·</span> <span class='ocrx_word' id='word_1_186' title='bbox 211 2505 281 2563; x_wconf 86' lang='grc' dir='ltr'>δοκεῖ</span> <span class='ocrx_word' id='word_1_187' title='bbox 297 2502 330 2575; x_wconf 86' lang='grc' dir='ltr'><strong>δή</strong></span> <span class='ocrx_word' id='word_1_188' title='bbox 346 2526 390 2580; x_wconf 88' lang='grc' dir='ltr'><strong>μοι</strong></span> <span class='ocrx_word' id='word_1_189' title='bbox 403 2502 437 2561; x_wconf 89' lang='grc' dir='ltr'><strong>τόι</strong></span> <span class='ocrx_word' id='word_1_190' title='bbox 451 2504 498 2578; x_wconf 82' lang='grc' dir='ltr'><strong>μὲν</strong></span> <span class='ocrx_word' id='word_1_191' title='bbox 513 2502 620 2583; x_wconf 80' lang='grc' dir='ltr'>ἐντάφια</span> <span class='ocrx_word' id='word_1_192' title='bbox 634 2504 704 2563; x_wconf 80' lang='grc' dir='ltr'>κατὰ</span> <span class='ocrx_word' id='word_1_193' title='bbox 716 2504 808 2584; x_wconf 81' lang='grc' dir='ltr'>χώραν</span> <span class='ocrx_word' id='word_1_194' title='bbox 819 2507 875 2583; x_wconf 78' lang='grc' dir='ltr'>ἐᾶν,</span> 
     </span>
     <span class='ocr_line' id='line_1_26' title="bbox 90 2591 875 2674; baseline 0.003 -24"><span class='ocrx_word' id='word_1_195' title='bbox 90 2594 229 2651; x_wconf 79' lang='grc' dir='ltr'>ίποδοῢναι</span> <span class='ocrx_word' id='word_1_196' title='bbox 234 2591 263 2652; x_wconf 71' lang='grc' dir='ltr'><strong>δὲ</strong></span> <span class='ocrx_word' id='word_1_197' title='bbox 268 2592 316 2665; x_wconf 79' lang='grc' dir='ltr'><strong>τήν</strong></span> <span class='ocrx_word' id='word_1_198' title='bbox 322 2591 491 2672; x_wconf 86' lang='grc' dir='ltr'>Καλλιρρόην</span> <span class='ocrx_word' id='word_1_199' title='bbox 498 2592 572 2672; x_wconf 79' lang='grc' dir='ltr'>ἀνδρὶ</span> <span class='ocrx_word' id='word_1_200' title='bbox 579 2593 625 2651; x_wconf 83' lang='grc' dir='ltr'>καὶ</span> <span class='ocrx_word' id='word_1_201' title='bbox 630 2593 722 2671; x_wconf 81' lang='grc' dir='ltr'>πατρί,</span> <span class='ocrx_word' id='word_1_202' title='bbox 733 2593 875 2674; x_wconf 79' lang='grc' dir='ltr'>φήσοντας,</span> 
     </span>
     <span class='ocr_line' id='line_1_27' title="bbox 90 2679 875 2762; baseline 0.004 -23"><span class='ocrx_word' id='word_1_203' title='bbox 90 2679 122 2739; x_wconf 81' lang='grc' dir='ltr'><strong>ίτι</strong></span> <span class='ocrx_word' id='word_1_204' title='bbox 136 2680 380 2762; x_wconf 84' lang='grc' dir='ltr'>προσωμμίσθημεν</span> <span class='ocrx_word' id='word_1_205' title='bbox 394 2683 433 2760; x_wconf 82' lang='grc' dir='ltr'><strong>τῷ</strong></span> <span class='ocrx_word' id='word_1_206' title='bbox 449 2679 525 2760; x_wconf 85' lang='grc' dir='ltr'>τάφῳ</span> <span class='ocrx_word' id='word_1_207' title='bbox 537 2679 606 2738; x_wconf 87' lang='grc' dir='ltr'><strong>κατά</strong></span> <span class='ocrx_word' id='word_1_208' title='bbox 629 2681 766 2752; x_wconf 82' lang='grc' dir='ltr'>συνήθειαν</span> <span class='ocrx_word' id='word_1_209' title='bbox 787 2682 875 2742; x_wconf 82' lang='grc' dir='ltr'>ἁλιευ-</span> 
     </span>
     <span class='ocr_line' id='line_1_28' title="bbox 90 2767 876 2849; baseline 0.003 -23"><span class='ocrx_word' id='word_1_210' title='bbox 90 2768 169 2843; x_wconf 81' lang='grc' dir='ltr'>τκὴν,</span> <span class='ocrx_word' id='word_1_211' title='bbox 186 2767 344 2837; x_wconf 85' lang='grc' dir='ltr'>ἀκούσαντες</span> <span class='ocrx_word' id='word_1_212' title='bbox 358 2767 386 2827; x_wconf 81' lang='grc' dir='ltr'><strong>δὲ</strong></span> <span class='ocrx_word' id='word_1_213' title='bbox 402 2768 490 2849; x_wconf 81' lang='grc' dir='ltr'>φωνὴν</span> <span class='ocrx_word' id='word_1_214' title='bbox 500 2767 638 2845; x_wconf 79' lang='grc' dir='ltr'>ἠνοίξαμεν</span> <span class='ocrx_word' id='word_1_215' title='bbox 651 2769 720 2826; x_wconf 85' lang='grc' dir='ltr'><strong>κατά</strong></span> <span class='ocrx_word' id='word_1_216' title='bbox 732 2771 876 2849; x_wconf 88' lang='grc' dir='ltr'>φιλανθρω·</span> 
     </span>
     <span class='ocr_line' id='line_1_29' title="bbox 90 2855 877 2937; baseline 0.004 -22"><span class='ocrx_word' id='word_1_217' title='bbox 90 2857 160 2932; x_wconf 86' lang='grc' dir='ltr'>τίαν,</span> <span class='ocrx_word' id='word_1_218' title='bbox 176 2855 220 2915; x_wconf 73' lang='grc' dir='ltr'>ἵνα</span> <span class='ocrx_word' id='word_1_219' title='bbox 235 2855 364 2933; x_wconf 77' lang='grc' dir='ltr'>σώσωμεν</span> <span class='ocrx_word' id='word_1_220' title='bbox 375 2855 424 2928; x_wconf 75' lang='grc' dir='ltr'><strong>τήν</strong></span> <span class='ocrx_word' id='word_1_221' title='bbox 439 2856 510 2914; x_wconf 83' lang='grc' dir='ltr'>ἔνδον</span> <span class='ocrx_word' id='word_1_222' title='bbox 526 2857 774 2934; x_wconf 81' lang='grc' dir='ltr'>ἀποκεκλεισμένην.</span> <span class='ocrx_word' id='word_1_223' title='bbox 816 2858 877 2937; x_wconf 75' lang='lat' dir='ltr'><strong>‘Op-</strong></span> 
     </span>
     <span class='ocr_line' id='line_1_30' title="bbox 90 2943 878 3023; baseline -0.003 -21"><span class='ocrx_word' id='word_1_224' title='bbox 90 2945 202 3020; x_wconf 76' lang='lat' dir='ltr'><strong>:laropsv</strong></span> <span class='ocrx_word' id='word_1_225' title='bbox 213 2943 299 3018; x_wconf 80' lang='grc' dir='ltr'>δὲτὴν</span> <span class='ocrx_word' id='word_1_226' title='bbox 310 2945 423 3023; x_wconf 84' lang='grc' dir='ltr'>γυναῖκα</span> <span class='ocrx_word' id='word_1_227' title='bbox 436 2944 523 3002; x_wconf 83' lang='grc' dir='ltr'>πάντα</span> <span class='ocrx_word' id='word_1_228' title='bbox 533 2944 597 3019; x_wconf 80' lang='grc' dir='ltr'>ἡμῖν</span> <span class='ocrx_word' id='word_1_229' title='bbox 612 2952 763 3023; x_wconf 80' lang='grc' dir='ltr'>μαρτυρεῖν.</span> <span class='ocrx_word' id='word_1_230' title='bbox 776 2943 878 3010; x_wconf 76' lang='grc' dir='ltr'>Ἡδέως</span> 
     </span>
     <span class='ocr_line' id='line_1_31' title="bbox 90 3024 875 3114; baseline -0.004 -21"><span class='ocrx_word' id='word_1_231' title='bbox 90 3033 107 3093; x_wconf 74' lang='grc' dir='ltr'>θ</span> <span class='ocrx_word' id='word_1_232' title='bbox 130 3033 258 3106; x_wconf 84' lang='grc' dir='ltr'>ποιήσει,</span> <span class='ocrx_word' id='word_1_233' title='bbox 280 3034 359 3114; x_wconf 85' lang='grc' dir='ltr'>χάριν</span> <span class='ocrx_word' id='word_1_234' title='bbox 379 3033 520 3113; x_wconf 78' lang='grc' dir='ltr'>ὀφείλουσα</span> <span class='ocrx_word' id='word_1_235' title='bbox 541 3041 593 3099; x_wconf 89' lang='grc' dir='ltr'>τοῖς</span> <span class='ocrx_word' id='word_1_236' title='bbox 612 3033 774 3111; x_wconf 80' lang='grc' dir='ltr'>εὐεργέταις,</span> <span class='ocrx_word' id='word_1_237' title='bbox 793 3034 826 3092; x_wconf 79' lang='grc' dir='ltr'><strong>δι’</strong></span> <span class='ocrx_word' id='word_1_238' title='bbox 839 3024 875 3091; x_wconf 78' lang='grc' dir='ltr'><strong>ὧν</strong></span> 
     </span>
     <span class='ocr_line' id='line_1_32' title="bbox 90 3120 876 3203; baseline -0.001 -21"><span class='ocrx_word' id='word_1_239' title='bbox 90 3122 185 3193; x_wconf 67' lang='lat' dir='ltr'><strong>ealon.</strong></span> <span class='ocrx_word' id='word_1_240' title='bbox 230 3120 320 3196; x_wconf 85' lang='grc' dir='ltr'>Πόσης</span> <span class='ocrx_word' id='word_1_241' title='bbox 342 3122 426 3181; x_wconf 84' lang='grc' dir='ltr'>οἴεσθε</span> <span class='ocrx_word' id='word_1_242' title='bbox 446 3130 531 3203; x_wconf 80' lang='grc' dir='ltr'>χαρᾶς</span> <span class='ocrx_word' id='word_1_243' title='bbox 556 3121 726 3198; x_wconf 79' lang='grc' dir='ltr'>ἐμπλήσομεν</span> <span class='ocrx_word' id='word_1_244' title='bbox 748 3121 796 3193; x_wconf 78' lang='grc' dir='ltr'><strong>τὴν</strong></span> <span class='ocrx_word' id='word_1_245' title='bbox 813 3122 876 3194; x_wconf 79' lang='grc' dir='ltr'>δλην</span> 
     </span>
     <span class='ocr_line' id='line_1_33' title="bbox 90 3208 876 3291; baseline -0.005 -20"><span class='ocrx_word' id='word_1_246' title='bbox 90 3209 227 3282; x_wconf 56' lang='lat' dir='ltr'><strong>tenellam</strong></span> <span class='ocrx_word' id='word_1_247' title='bbox 246 3209 331 3277; x_wconf 83' lang='grc' dir='ltr'>πόσας</span> <span class='ocrx_word' id='word_1_248' title='bbox 344 3209 482 3291; x_wconf 78' lang='grc' dir='ltr'>ληψόμεθα</span> <span class='ocrx_word' id='word_1_249' title='bbox 507 3209 605 3289; x_wconf 85' lang='grc' dir='ltr'>δωρεάς</span> <span class='ocrx_word' id='word_1_250' title='bbox 611 3233 620 3283; x_wconf 93' lang='lat'>;</span> <span class='ocrx_word' id='word_1_251' title='bbox 636 3208 693 3286; x_wconf 77' lang='grc' dir='ltr'><strong>ἅμα</strong></span> <span class='ocrx_word' id='word_1_252' title='bbox 709 3209 736 3268; x_wconf 81' lang='grc' dir='ltr'><strong>δὲ</strong></span> <span class='ocrx_word' id='word_1_253' title='bbox 750 3209 798 3269; x_wconf 81' lang='grc' dir='ltr'>καί</span> <span class='ocrx_word' id='word_1_254' title='bbox 811 3209 876 3290; x_wconf 79' lang='grc' dir='ltr'>πρὸς</span> 
     </span>
     <span class='ocr_line' id='line_1_34' title="bbox 90 3294 877 3377; baseline -0.001 -22"><span class='ocrx_word' id='word_1_255' title='bbox 90 3294 238 3377; x_wconf 72' lang='grc' dir='ltr'>ἰνθριύπους</span> <span class='ocrx_word' id='word_1_256' title='bbox 260 3297 350 3356; x_wconf 90' lang='grc' dir='ltr'>δίκαια</span> <span class='ocrx_word' id='word_1_257' title='bbox 372 3295 418 3356; x_wconf 85' lang='grc' dir='ltr'><strong>καλ</strong></span> <span class='ocrx_word' id='word_1_258' title='bbox 441 3295 506 3376; x_wconf 75' lang='grc' dir='ltr'>πρὸς</span> <span class='ocrx_word' id='word_1_259' title='bbox 528 3296 599 3363; x_wconf 80' lang='grc' dir='ltr'>θεοὺς</span> <span class='ocrx_word' id='word_1_260' title='bbox 617 3295 676 3355; x_wconf 83' lang='grc' dir='ltr'>ὅσια</span> <span class='ocrx_word' id='word_1_261' title='bbox 694 3301 779 3355; x_wconf 76' lang='grc' dir='ltr'>ταῦτα</span> <span class='ocrx_word' id='word_1_262' title='bbox 798 3296 877 3369; x_wconf 88' lang='grc' dir='ltr'>ποιή-</span> 
     </span>
     <span class='ocr_line' id='line_1_35' title="bbox 90 3382 876 3464; baseline -0.001 -21"><span class='ocrx_word' id='word_1_263' title='bbox 90 3407 177 3463; x_wconf 72' lang='lat' dir='ltr'><strong>opaea.</strong></span> <span class='ocrx_word' id='word_1_264' title='bbox 231 3382 294 3445; x_wconf 84' lang='grc' dir='ltr'><strong>Ἔτι</strong></span> <span class='ocrx_word' id='word_1_265' title='bbox 316 3384 339 3442; x_wconf 86' lang='grc' dir='ltr'><strong>δ’</strong></span> <span class='ocrx_word' id='word_1_266' title='bbox 366 3387 444 3444; x_wconf 75' lang='grc' dir='ltr'>αὐτοῦ</span> <span class='ocrx_word' id='word_1_267' title='bbox 467 3384 602 3463; x_wconf 79' lang='grc' dir='ltr'>λέγοντος,</span> <span class='ocrx_word' id='word_1_268' title='bbox 625 3382 712 3464; x_wconf 74' lang='grc' dir='ltr'>ἕτερος</span> <span class='ocrx_word' id='word_1_269' title='bbox 738 3385 876 3444; x_wconf 77' lang='grc' dir='ltr'>ἀντεῖπεν·</span> 
     </span>
     <span class='ocr_line' id='line_1_36' title="bbox 90 3471 876 3554; baseline -0.005 -20"><span class='ocrx_word' id='word_1_270' title='bbox 90 3478 193 3553; x_wconf 57' lang='lat' dir='ltr'><strong>&amp;urps</strong></span> <span class='ocrx_word' id='word_1_271' title='bbox 216 3472 263 3532; x_wconf 82' lang='grc' dir='ltr'>καί</span> <span class='ocrx_word' id='word_1_272' title='bbox 285 3473 393 3550; x_wconf 85' lang='grc' dir='ltr'>ἀνόητε,</span> <span class='ocrx_word' id='word_1_273' title='bbox 417 3479 462 3532; x_wconf 84' lang='grc' dir='ltr'><strong>νῦν</strong></span> <span class='ocrx_word' id='word_1_274' title='bbox 486 3478 556 3550; x_wconf 83' lang='grc' dir='ltr'>ἡμᾶς</span> <span class='ocrx_word' id='word_1_275' title='bbox 577 3471 690 3539; x_wconf 85' lang='grc' dir='ltr'>κελεύεις</span> <span class='ocrx_word' id='word_1_276' title='bbox 710 3475 802 3554; x_wconf 93' lang='grc' dir='ltr'>φιλοσο</span> <span class='ocrx_word' id='word_1_277' title='bbox 822 3473 876 3548; x_wconf 84' lang='grc' dir='ltr'>εῖν;</span> 
     </span>
     <span class='ocr_line' id='line_1_37' title="bbox 90 3497 876 3642; baseline -0.001 -22"><span class='ocrx_word' id='word_1_278' title='bbox 90 3551 135 3642; x_wconf 52' lang='lat' dir='ltr'><strong>:pb</strong></span> <span class='ocrx_word' id='word_1_279' title='bbox 151 3584 183 3639; x_wconf 84' lang='grc' dir='ltr'><strong>γε</strong></span> <span class='ocrx_word' id='word_1_280' title='bbox 200 3559 231 3620; x_wconf 80' lang='grc' dir='ltr'><strong>τὸ</strong></span> <span class='ocrx_word' id='word_1_281' title='bbox 243 3561 428 3641; x_wconf 78' lang='grc' dir='ltr'>τυμθωρυγεῖν</span> <span class='ocrx_word' id='word_1_282' title='bbox 442 3566 511 3638; x_wconf 82' lang='grc' dir='ltr'>ἡμᾶς</span> <span class='ocrx_word' id='word_1_283' title='bbox 527 3559 633 3632; x_wconf 81' lang='grc' dir='ltr'>ἐποίησε</span> <span class='ocrx_word' id='word_1_284' title='bbox 646 3559 786 3640; x_wconf 85' lang='grc' dir='ltr'>χρηστούς·</span> <span class='ocrx_word' id='word_1_285' title='bbox 800 3497 876 3633; x_wconf 66' lang='grc' dir='ltr'>ἀλεή-</span> 
     </span>
     <span class='ocr_line' id='line_1_38' title="bbox 90 3647 877 3729; baseline -0.004 -20"><span class='ocrx_word' id='word_1_286' title='bbox 90 3671 168 3727; x_wconf 85' lang='grc' dir='ltr'>υμεν</span> <span class='ocrx_word' id='word_1_287' title='bbox 178 3648 213 3720; x_wconf 78' lang='grc' dir='ltr'><strong>ἣν</strong></span> <span class='ocrx_word' id='word_1_288' title='bbox 226 3649 274 3708; x_wconf 77' lang='grc' dir='ltr'><strong>οὐκ</strong></span> <span class='ocrx_word' id='word_1_289' title='bbox 286 3648 398 3720; x_wconf 83' lang='grc' dir='ltr'>ἠλέησεν</span> <span class='ocrx_word' id='word_1_290' title='bbox 412 3648 475 3716; x_wconf 85' lang='grc' dir='ltr'>ἴδιος</span> <span class='ocrx_word' id='word_1_291' title='bbox 487 3647 562 3729; x_wconf 79' lang='grc' dir='ltr'>ἀνὴρ,</span> <span class='ocrx_word' id='word_1_292' title='bbox 575 3648 633 3706; x_wconf 79' lang='grc' dir='ltr'>ἀλλ’</span> <span class='ocrx_word' id='word_1_293' title='bbox 648 3647 815 3707; x_wconf 77' lang='grc' dir='ltr'>ἀπέκτεινεν·</span> <span class='ocrx_word' id='word_1_294' title='bbox 830 3651 877 3706; x_wconf 85' lang='grc' dir='ltr'><strong>ού-</strong></span> 
     </span>
     <span class='ocr_line' id='line_1_39' title="bbox 92 3735 875 3818; baseline 0.003 -22"><span class='ocrx_word' id='word_1_295' title='bbox 92 3735 122 3796; x_wconf 76' lang='lat' dir='ltr'><strong>b</strong></span> <span class='ocrx_word' id='word_1_296' title='bbox 143 3735 197 3818; x_wconf 73' lang='grc' dir='ltr'><strong>γάρ</strong></span> <span class='ocrx_word' id='word_1_297' title='bbox 220 3735 346 3809; x_wconf 73' lang='grc' dir='ltr'>ἠδίκηκεν</span> <span class='ocrx_word' id='word_1_298' title='bbox 364 3741 450 3814; x_wconf 79' lang='grc' dir='ltr'>ἡμᾶς·</span> <span class='ocrx_word' id='word_1_299' title='bbox 476 3738 536 3794; x_wconf 80' lang='grc' dir='ltr'>ἀλλ’</span> <span class='ocrx_word' id='word_1_300' title='bbox 557 3735 677 3808; x_wconf 79' lang='grc' dir='ltr'>ἀδικήσει</span> <span class='ocrx_word' id='word_1_301' title='bbox 697 3737 731 3795; x_wconf 85' lang='grc' dir='ltr'>τά</span> <span class='ocrx_word' id='word_1_302' title='bbox 753 3735 875 3815; x_wconf 73' lang='grc' dir='ltr'>μέγιστα.</span> 
     </span>
     <span class='ocr_line' id='line_1_40' title="bbox 90 3815 877 3906; baseline -0.004 -21"><span class='ocrx_word' id='word_1_303' title='bbox 90 3826 198 3905; x_wconf 75' lang='grc' dir='ltr'>Ῑρῶτον</span> <span class='ocrx_word' id='word_1_304' title='bbox 213 3822 261 3901; x_wconf 74' lang='grc' dir='ltr'><strong>μὲν</strong></span> <span class='ocrx_word' id='word_1_305' title='bbox 275 3815 339 3906; x_wconf 84' lang='grc' dir='ltr'>γάρ,</span> <span class='ocrx_word' id='word_1_306' title='bbox 355 3824 388 3884; x_wconf 70' lang='lat' dir='ltr'><strong>dv</strong></span> <span class='ocrx_word' id='word_1_307' title='bbox 402 3824 543 3902; x_wconf 83' lang='grc' dir='ltr'>ἀποδῶμεν</span> <span class='ocrx_word' id='word_1_308' title='bbox 562 3823 642 3896; x_wconf 82' lang='grc' dir='ltr'>αύτήν</span> <span class='ocrx_word' id='word_1_309' title='bbox 654 3832 707 3891; x_wconf 87' lang='grc' dir='ltr'>τοῖς</span> <span class='ocrx_word' id='word_1_310' title='bbox 725 3822 877 3901; x_wconf 84' lang='grc' dir='ltr'>προσήκου-</span> 
     </span>
     <span class='ocr_line' id='line_1_41' title="bbox 90 3912 877 3994; baseline -0.001 -23"><span class='ocrx_word' id='word_1_311' title='bbox 90 3936 137 3986; x_wconf 79' lang='grc' dir='ltr'><strong>τν,</strong></span> <span class='ocrx_word' id='word_1_312' title='bbox 157 3912 266 3986; x_wconf 73' lang='grc' dir='ltr'>ἄδηλον,</span> <span class='ocrx_word' id='word_1_313' title='bbox 286 3913 319 3986; x_wconf 78' lang='grc' dir='ltr'><strong>ἢν</strong></span> <span class='ocrx_word' id='word_1_314' title='bbox 339 3913 424 3982; x_wconf 72' lang='grc' dir='ltr'>ἕξουσι</span> <span class='ocrx_word' id='word_1_315' title='bbox 448 3912 556 3991; x_wconf 85' lang='grc' dir='ltr'>γνώμην</span> <span class='ocrx_word' id='word_1_316' title='bbox 578 3913 639 3994; x_wconf 82' lang='grc' dir='ltr'>περί</span> <span class='ocrx_word' id='word_1_317' title='bbox 662 3918 706 3971; x_wconf 79' lang='grc' dir='ltr'><strong>τοῦ</strong></span> <span class='ocrx_word' id='word_1_318' title='bbox 729 3912 877 3991; x_wconf 88' lang='grc' dir='ltr'>γεγονότος,</span> 
     </span>
     <span class='ocr_line' id='line_1_42' title="bbox 90 3999 878 4078; baseline 0 -18"><span class='ocrx_word' id='word_1_319' title='bbox 90 4001 128 4060; x_wconf 74' lang='grc' dir='ltr'><strong>αλ</strong></span> <span class='ocrx_word' id='word_1_320' title='bbox 143 3999 272 4061; x_wconf 85' lang='grc' dir='ltr'>ἀδύνατον</span> <span class='ocrx_word' id='word_1_321' title='bbox 286 4001 325 4078; x_wconf 80' lang='grc' dir='ltr'><strong>μή</strong></span> <span class='ocrx_word' id='word_1_322' title='bbox 336 4005 529 4071; x_wconf 80' lang='grc' dir='ltr'>θποπτευθῆναι</span> <span class='ocrx_word' id='word_1_323' title='bbox 541 4002 589 4074; x_wconf 77' lang='grc' dir='ltr'><strong>τήν</strong></span> <span class='ocrx_word' id='word_1_324' title='bbox 604 4001 700 4075; x_wconf 78' lang='grc' dir='ltr'>αἰτίαν,</span> <span class='ocrx_word' id='word_1_325' title='bbox 713 4003 746 4060; x_wconf 87' lang='grc' dir='ltr'><strong>δι’</strong></span> <span class='ocrx_word' id='word_1_326' title='bbox 756 4002 788 4074; x_wconf 76' lang='grc' dir='ltr'><strong>ἣν</strong></span> <span class='ocrx_word' id='word_1_327' title='bbox 802 4002 878 4074; x_wconf 74' lang='grc' dir='ltr'>ἦλθο-</span> 
     </span>
     <span class='ocr_line' id='line_1_43' title="bbox 90 4088 878 4171; baseline 0.001 -24"><span class='ocrx_word' id='word_1_328' title='bbox 90 4111 131 4147; x_wconf 86' lang='grc' dir='ltr'><strong>ιεν</strong></span> <span class='ocrx_word' id='word_1_329' title='bbox 146 4088 194 4148; x_wconf 70' lang='grc' dir='ltr'><strong>ἐπὶ</strong></span> <span class='ocrx_word' id='word_1_330' title='bbox 205 4088 249 4148; x_wconf 81' lang='grc' dir='ltr'><strong>τὸν</strong></span> <span class='ocrx_word' id='word_1_331' title='bbox 265 4089 359 4171; x_wconf 86' lang='grc' dir='ltr'>τάφον.</span> <span class='ocrx_word' id='word_1_332' title='bbox 403 4089 469 4150; x_wconf 73' lang='lat' dir='ltr'><strong>’lib</strong></span> <span class='ocrx_word' id='word_1_333' title='bbox 484 4088 511 4148; x_wconf 79' lang='grc' dir='ltr'><strong>δδ</strong></span> <span class='ocrx_word' id='word_1_334' title='bbox 525 4091 571 4147; x_wconf 85' lang='grc' dir='ltr'>καί</span> <span class='ocrx_word' id='word_1_335' title='bbox 591 4093 754 4170; x_wconf 83' lang='grc' dir='ltr'>χαρίσωνται</span> <span class='ocrx_word' id='word_1_336' title='bbox 776 4090 824 4161; x_wconf 76' lang='grc' dir='ltr'><strong>τήν</strong></span> <span class='ocrx_word' id='word_1_337' title='bbox 838 4113 878 4148; x_wconf 91' lang='grc' dir='ltr'><strong>τι-</strong></span> 
     </span>
     <span class='ocr_line' id='line_1_44' title="bbox 90 4175 876 4260; baseline -0.009 -26"><span class='ocrx_word' id='word_1_338' title='bbox 90 4175 189 4257; x_wconf 82' lang='grc' dir='ltr'>ιωρίσν</span> <span class='ocrx_word' id='word_1_339' title='bbox 202 4179 266 4254; x_wconf 68' lang='grc' dir='ltr'>ἡμῖν</span> <span class='ocrx_word' id='word_1_340' title='bbox 286 4180 309 4237; x_wconf 81' lang='grc' dir='ltr'><strong>οἱ</strong></span> <span class='ocrx_word' id='word_1_341' title='bbox 323 4183 371 4250; x_wconf 84' lang='grc' dir='ltr'>τῆς</span> <span class='ocrx_word' id='word_1_342' title='bbox 391 4177 513 4256; x_wconf 82' lang='grc' dir='ltr'>γυναικός</span> <span class='ocrx_word' id='word_1_343' title='bbox 533 4188 679 4258; x_wconf 87' lang='grc' dir='ltr'>συγγενεῖς,</span> <span class='ocrx_word' id='word_1_344' title='bbox 696 4181 755 4238; x_wconf 82' lang='grc' dir='ltr'>ἀλλ’</span> <span class='ocrx_word' id='word_1_345' title='bbox 769 4182 793 4238; x_wconf 75' lang='lat' dir='ltr'><strong>ol</strong></span> <span class='ocrx_word' id='word_1_346' title='bbox 813 4177 876 4260; x_wconf 79' lang='grc' dir='ltr'><strong>Ἄρ.</strong></span> 
     </span>
     <span class='ocr_line' id='line_1_45' title="bbox 90 4256 878 4349; baseline 0.005 -26"><span class='ocrx_word' id='word_1_347' title='bbox 90 4256 175 4341; x_wconf 45' lang='grc' dir='ltr'>,οντες</span> <span class='ocrx_word' id='word_1_348' title='bbox 196 4264 244 4324; x_wconf 82' lang='grc' dir='ltr'><strong>καλ</strong></span> <span class='ocrx_word' id='word_1_349' title='bbox 265 4269 279 4324; x_wconf 84' lang='grc' dir='ltr'>ὁ</span> <span class='ocrx_word' id='word_1_350' title='bbox 298 4268 380 4344; x_wconf 82' lang='grc' dir='ltr'>δῆμος</span> <span class='ocrx_word' id='word_1_351' title='bbox 400 4267 477 4333; x_wconf 83' lang='grc' dir='ltr'>αὐτὸς</span> <span class='ocrx_word' id='word_1_352' title='bbox 499 4269 546 4325; x_wconf 86' lang='grc' dir='ltr'><strong>ούκ</strong></span> <span class='ocrx_word' id='word_1_353' title='bbox 571 4267 666 4349; x_wconf 79' lang='grc' dir='ltr'>ἀφήσει</span> <span class='ocrx_word' id='word_1_354' title='bbox 689 4267 878 4348; x_wconf 78' lang='grc' dir='ltr'>τυμύωρύχους</span> 
     </span>
    </p>
   </div>
   <div class='ocr_carea' id='block_1_3' title="bbox 1653 367 1710 415">
    <p class='ocr_par' dir='ltr' id='par_1_4' title="bbox 1653 367 1710 415">
     <span class='ocr_line' id='line_1_46' title="bbox 1653 367 1710 415; baseline 0.018 -1"><span class='ocrx_word' id='word_1_355' title='bbox 1653 367 1710 415; x_wconf 73' lang='lat'><strong>423</strong></span> 
     </span>
    </p>
   </div>
   <div class='ocr_carea' id='block_1_4' title="bbox 923 485 1713 759">
    <p class='ocr_par' dir='ltr' id='par_1_5' title="bbox 923 485 1713 759">
     <span class='ocr_line' id='line_1_47' title="bbox 923 485 1712 558; baseline 0.013 -24"><span class='ocrx_word' id='word_1_356' title='bbox 923 485 1048 546; x_wconf 78' lang='lat' dir='ltr'><strong>Miserere,</strong></span> <span class='ocrx_word' id='word_1_357' title='bbox 1072 487 1180 549; x_wconf 84' lang='lat' dir='ltr'><strong>quisquis</strong></span> <span class='ocrx_word' id='word_1_358' title='bbox 1197 502 1235 548; x_wconf 80' lang='lat' dir='ltr'><strong>es,</strong></span> <span class='ocrx_word' id='word_1_359' title='bbox 1252 489 1321 549; x_wconf 79' lang='lat' dir='ltr'><strong>cuius</strong></span> <span class='ocrx_word' id='word_1_360' title='bbox 1344 502 1423 551; x_wconf 87' lang='lat' dir='ltr'><strong>neque</strong></span> <span class='ocrx_word' id='word_1_361' title='bbox 1441 492 1554 553; x_wconf 84' lang='lat' dir='ltr'><strong>maritus,</strong></span> <span class='ocrx_word' id='word_1_362' title='bbox 1571 506 1649 556; x_wconf 87' lang='lat' dir='ltr'><strong>neque</strong></span> <span class='ocrx_word' id='word_1_363' title='bbox 1669 510 1712 558; x_wconf 83' lang='lat' dir='ltr'><strong>pa-</strong></span> 
     </span>
     <span class='ocr_line' id='line_1_48' title="bbox 923 586 1711 658; baseline 0.015 -25"><span class='ocrx_word' id='word_1_364' title='bbox 923 589 1015 645; x_wconf 89' lang='lat' dir='ltr'><strong>rantes,</strong></span> <span class='ocrx_word' id='word_1_365' title='bbox 1033 586 1125 635; x_wconf 79' lang='lat' dir='ltr'><strong>miserti</strong></span> <span class='ocrx_word' id='word_1_366' title='bbox 1141 589 1207 636; x_wconf 86' lang='lat' dir='ltr'><strong>suut.</strong></span> <span class='ocrx_word' id='word_1_367' title='bbox 1240 591 1275 638; x_wconf 82' lang='lat' dir='ltr'><strong>lle</strong></span> <span class='ocrx_word' id='word_1_368' title='bbox 1289 589 1406 652; x_wconf 89' lang='lat' dir='ltr'><strong>perimas,</strong></span> <span class='ocrx_word' id='word_1_369' title='bbox 1419 604 1493 653; x_wconf 85' lang='lat' dir='ltr'><strong>quam</strong></span> <span class='ocrx_word' id='word_1_370' title='bbox 1513 594 1613 643; x_wconf 87' lang='lat' dir='ltr'><strong>servasti</strong></span> <span class='ocrx_word' id='word_1_371' title='bbox 1628 597 1711 658; x_wconf 75' lang='lat' dir='ltr'><strong>bregis.</strong></span> 
     </span>
     <span class='ocr_line' id='line_1_49' title="bbox 923 685 1713 759; baseline 0.014 -25"><span class='ocrx_word' id='word_1_372' title='bbox 923 685 1028 735; x_wconf 86' lang='lat' dir='ltr'><strong>Tireroui</strong></span> <span class='ocrx_word' id='word_1_373' title='bbox 1044 685 1079 734; x_wconf 86' lang='lat' dir='ltr'><strong>sio</strong></span> <span class='ocrx_word' id='word_1_374' title='bbox 1100 686 1196 735; x_wconf 89' lang='lat' dir='ltr'><strong>animus</strong></span> <span class='ocrx_word' id='word_1_375' title='bbox 1212 687 1294 749; x_wconf 89' lang='lat' dir='ltr'><strong>rediit,</strong></span> <span class='ocrx_word' id='word_1_376' title='bbox 1315 691 1373 752; x_wconf 85' lang='lat' dir='ltr'><strong>qui,</strong></span> <span class='ocrx_word' id='word_1_377' title='bbox 1393 693 1420 739; x_wconf 92' lang='lat' dir='ltr'><strong>ut</strong></span> <span class='ocrx_word' id='word_1_378' title='bbox 1438 704 1511 754; x_wconf 81' lang='lat' dir='ltr'><strong>sagax</strong></span> <span class='ocrx_word' id='word_1_379' title='bbox 1526 693 1599 742; x_wconf 91' lang='lat' dir='ltr'><strong>bomo</strong></span> <span class='ocrx_word' id='word_1_380' title='bbox 1620 695 1713 759; x_wconf 82' lang='lat' dir='ltr'><strong>sibique</strong></span> 
     </span>
    </p>
   </div>
   <div class='ocr_carea' id='block_1_5' title="bbox 923 789 1712 955">
    <p class='ocr_par' dir='ltr' id='par_1_6' title="bbox 923 789 1712 955">
     <span class='ocr_line' id='line_1_50' title="bbox 923 789 1712 855; baseline 0.014 -20"><span class='ocrx_word' id='word_1_381' title='bbox 923 799 1017 849; x_wconf 82' lang='lat' dir='ltr'><strong>semper</strong></span> <span class='ocrx_word' id='word_1_382' title='bbox 1028 800 1141 850; x_wconf 62' lang='lat' dir='ltr'><strong>praesens,</strong></span> <span class='ocrx_word' id='word_1_383' title='bbox 1154 789 1279 839; x_wconf 83' lang='lat' dir='ltr'><strong>contestim</strong></span> <span class='ocrx_word' id='word_1_384' title='bbox 1293 789 1414 842; x_wconf 89' lang='lat' dir='ltr'><strong>intellecta</strong></span> <span class='ocrx_word' id='word_1_385' title='bbox 1426 805 1468 853; x_wconf 90' lang='lat' dir='ltr'><strong>re,</strong></span> <span class='ocrx_word' id='word_1_386' title='bbox 1479 794 1654 855; x_wconf 78' lang='lat' dir='ltr'><strong>cogitabundus</strong></span> <span class='ocrx_word' id='word_1_387' title='bbox 1665 797 1712 847; x_wconf 80' lang='lat' dir='ltr'><strong>bre·</strong></span> 
     </span>
     <span class='ocr_line' id='line_1_51' title="bbox 923 886 1712 955; baseline 0.011 -19"><span class='ocrx_word' id='word_1_388' title='bbox 923 886 1024 948; x_wconf 77' lang='lat' dir='ltr'><strong>sitabat3</strong></span> <span class='ocrx_word' id='word_1_389' title='bbox 1034 890 1059 938; x_wconf 87' lang='lat' dir='ltr'><strong>et</strong></span> <span class='ocrx_word' id='word_1_390' title='bbox 1067 888 1173 950; x_wconf 88' lang='lat' dir='ltr'><strong>primum</strong></span> <span class='ocrx_word' id='word_1_391' title='bbox 1182 889 1280 951; x_wconf 88' lang='lat' dir='ltr'><strong>quidem</strong></span> <span class='ocrx_word' id='word_1_392' title='bbox 1292 889 1391 940; x_wconf 85' lang='lat' dir='ltr'><strong>volebat</strong></span> <span class='ocrx_word' id='word_1_393' title='bbox 1398 891 1508 942; x_wconf 88' lang='lat' dir='ltr'><strong>occidere</strong></span> <span class='ocrx_word' id='word_1_394' title='bbox 1519 894 1659 955; x_wconf 89' lang='lat' dir='ltr'><strong>mulierem,</strong></span> <span class='ocrx_word' id='word_1_395' title='bbox 1674 910 1712 945; x_wconf 91' lang='lat' dir='ltr'><strong>ra·</strong></span> 
     </span>
    </p>
   </div>
   <div class='ocr_carea' id='block_1_6' title="bbox 920 991 1754 2055">
    <p class='ocr_par' dir='ltr' id='par_1_7' title="bbox 920 991 1754 1864">
     <span class='ocr_line' id='line_1_52' title="bbox 922 991 1713 1058; baseline 0.008 -17"><span class='ocrx_word' id='word_1_396' title='bbox 922 991 1037 1041; x_wconf 85' lang='lat' dir='ltr'><strong>tusillem</strong></span> <span class='ocrx_word' id='word_1_397' title='bbox 1048 992 1122 1043; x_wconf 89' lang='lat' dir='ltr'><strong>totius</strong></span> <span class='ocrx_word' id='word_1_398' title='bbox 1133 993 1264 1044; x_wconf 71' lang='lat' dir='ltr'><strong>molitionis</strong></span> <span class='ocrx_word' id='word_1_399' title='bbox 1273 993 1472 1058; x_wconf 77' lang='lat' dir='ltr'><strong>impedimentum</strong></span> <span class='ocrx_word' id='word_1_400' title='bbox 1482 996 1543 1048; x_wconf 87' lang='lat' dir='ltr'><strong>lore.</strong></span> <span class='ocrx_word' id='word_1_401' title='bbox 1557 1000 1615 1047; x_wconf 83' lang='lat' dir='ltr'><strong>blox</strong></span> <span class='ocrx_word' id='word_1_402' title='bbox 1631 1002 1713 1048; x_wconf 88' lang='lat' dir='ltr'><strong>tamen</strong></span> 
     </span>
     <span class='ocr_line' id='line_1_53' title="bbox 922 1094 1713 1164; baseline 0.01 -21"><span class='ocrx_word' id='word_1_403' title='bbox 922 1094 954 1144; x_wconf 92' lang='lat' dir='ltr'><strong>ob</strong></span> <span class='ocrx_word' id='word_1_404' title='bbox 966 1094 1068 1147; x_wconf 80' lang='lat' dir='ltr'><strong>‚luorum</strong></span> <span class='ocrx_word' id='word_1_405' title='bbox 1087 1097 1181 1145; x_wconf 82' lang='lat' dir='ltr'><strong>mutato</strong></span> <span class='ocrx_word' id='word_1_406' title='bbox 1200 1096 1314 1158; x_wconf 88' lang='lat' dir='ltr'><strong>consilio,</strong></span> <span class='ocrx_word' id='word_1_407' title='bbox 1332 1098 1382 1161; x_wconf 92' lang='lat' dir='ltr'><strong>ipse</strong></span> <span class='ocrx_word' id='word_1_408' title='bbox 1400 1097 1435 1146; x_wconf 88' lang='lat' dir='ltr'><strong>sic</strong></span> <span class='ocrx_word' id='word_1_409' title='bbox 1452 1096 1484 1146; x_wconf 90' lang='lat' dir='ltr'><strong>ad</strong></span> <span class='ocrx_word' id='word_1_410' title='bbox 1501 1110 1551 1148; x_wconf 85' lang='lat' dir='ltr'><strong>ee:</strong></span> <span class='ocrx_word' id='word_1_411' title='bbox 1573 1100 1609 1150; x_wconf 88' lang='lat' dir='ltr'><strong>sit</strong></span> <span class='ocrx_word' id='word_1_412' title='bbox 1627 1105 1652 1150; x_wconf 89' lang='lat' dir='ltr'><strong>et</strong></span> <span class='ocrx_word' id='word_1_413' title='bbox 1664 1103 1713 1164; x_wconf 85' lang='lat' dir='ltr'><strong>ipsa</strong></span> 
     </span>
     <span class='ocr_line' id='line_1_54' title="bbox 922 1197 1710 1262; baseline 0.009 -15"><span class='ocrx_word' id='word_1_414' title='bbox 922 1197 1007 1248; x_wconf 89' lang='lat' dir='ltr'><strong>mundi</strong></span> <span class='ocrx_word' id='word_1_415' title='bbox 1019 1198 1099 1248; x_wconf 81' lang='lat' dir='ltr'><strong>seratis</strong></span> <span class='ocrx_word' id='word_1_416' title='bbox 1108 1197 1229 1260; x_wconf 83' lang='lat' dir='ltr'><strong>accessio,</strong></span> <span class='ocrx_word' id='word_1_417' title='bbox 1240 1199 1282 1246; x_wconf 88' lang='lat' dir='ltr'><strong>ait.</strong></span> <span class='ocrx_word' id='word_1_418' title='bbox 1316 1197 1417 1248; x_wconf 77' lang='lat' dir='ltr'><strong>Abunde</strong></span> <span class='ocrx_word' id='word_1_419' title='bbox 1428 1200 1527 1262; x_wconf 81' lang='lat' dir='ltr'><strong>argenti,</strong></span> <span class='ocrx_word' id='word_1_420' title='bbox 1540 1200 1636 1252; x_wconf 87' lang='lat' dir='ltr'><strong>abunde</strong></span> <span class='ocrx_word' id='word_1_421' title='bbox 1649 1207 1710 1255; x_wconf 88' lang='lat' dir='ltr'><strong>auri.</strong></span> 
     </span>
     <span class='ocr_line' id='line_1_55' title="bbox 923 1297 1712 1364; baseline 0.004 -12"><span class='ocrx_word' id='word_1_422' title='bbox 923 1299 972 1352; x_wconf 86' lang='lat' dir='ltr'><strong>sed</strong></span> <span class='ocrx_word' id='word_1_423' title='bbox 984 1300 1110 1364; x_wconf 89' lang='lat' dir='ltr'><strong>pretiosior</strong></span> <span class='ocrx_word' id='word_1_424' title='bbox 1118 1301 1200 1350; x_wconf 89' lang='lat' dir='ltr'><strong>tamen</strong></span> <span class='ocrx_word' id='word_1_425' title='bbox 1216 1297 1254 1348; x_wconf 90' lang='lat' dir='ltr'><strong>bia</strong></span> <span class='ocrx_word' id='word_1_426' title='bbox 1271 1299 1384 1351; x_wconf 89' lang='lat' dir='ltr'><strong>omnibus</strong></span> <span class='ocrx_word' id='word_1_427' title='bbox 1398 1300 1476 1351; x_wconf 85' lang='lat' dir='ltr'><strong>torma</strong></span> <span class='ocrx_word' id='word_1_428' title='bbox 1491 1302 1606 1354; x_wconf 88' lang='lat' dir='ltr'><strong>mulieris.</strong></span> <span class='ocrx_word' id='word_1_429' title='bbox 1639 1308 1712 1355; x_wconf 86' lang='lat' dir='ltr'><strong>bleuu</strong></span> 
     </span>
     <span class='ocr_line' id='line_1_56' title="bbox 922 1403 1714 1472; baseline 0.01 -19"><span class='ocrx_word' id='word_1_430' title='bbox 922 1404 1005 1466; x_wconf 85' lang='lat' dir='ltr'><strong>itaque</strong></span> <span class='ocrx_word' id='word_1_431' title='bbox 1022 1403 1164 1465; x_wconf 86' lang='lat' dir='ltr'><strong>prehensam</strong></span> <span class='ocrx_word' id='word_1_432' title='bbox 1175 1403 1296 1463; x_wconf 82' lang='lat' dir='ltr'><strong>extrahit,</strong></span> <span class='ocrx_word' id='word_1_433' title='bbox 1308 1406 1443 1467; x_wconf 86' lang='lat' dir='ltr'><strong>vocatoque</strong></span> <span class='ocrx_word' id='word_1_434' title='bbox 1454 1405 1548 1456; x_wconf 85' lang='lat' dir='ltr'><strong>sodali:</strong></span> <span class='ocrx_word' id='word_1_435' title='bbox 1563 1410 1600 1457; x_wconf 81' lang='lat' dir='ltr'><strong>Eu</strong></span> <span class='ocrx_word' id='word_1_436' title='bbox 1613 1409 1656 1458; x_wconf 89' lang='lat' dir='ltr'><strong>tibi</strong></span> <span class='ocrx_word' id='word_1_437' title='bbox 1676 1424 1714 1472; x_wconf 82' lang='lat' dir='ltr'><strong>ge.</strong></span> 
     </span>
     <span class='ocr_line' id='line_1_57' title="bbox 923 1505 1713 1570; baseline 0.009 -15"><span class='ocrx_word' id='word_1_438' title='bbox 923 1507 1008 1566; x_wconf 87' lang='lat' dir='ltr'><strong>ulum,</strong></span> <span class='ocrx_word' id='word_1_439' title='bbox 1019 1506 1069 1568; x_wconf 91' lang='lat' dir='ltr'><strong>ait,</strong></span> <span class='ocrx_word' id='word_1_440' title='bbox 1086 1518 1160 1568; x_wconf 87' lang='lat' dir='ltr'><strong>quem</strong></span> <span class='ocrx_word' id='word_1_441' title='bbox 1178 1505 1309 1555; x_wconf 87' lang='lat' dir='ltr'><strong>verebaris.</strong></span> <span class='ocrx_word' id='word_1_442' title='bbox 1343 1507 1471 1570; x_wconf 72' lang='lat' dir='ltr'><strong>Egregium</strong></span> <span class='ocrx_word' id='word_1_443' title='bbox 1483 1508 1552 1559; x_wconf 90' lang='lat' dir='ltr'><strong>illum</strong></span> <span class='ocrx_word' id='word_1_444' title='bbox 1566 1510 1625 1560; x_wconf 89' lang='lat' dir='ltr'><strong>mibi</strong></span> <span class='ocrx_word' id='word_1_445' title='bbox 1638 1511 1713 1563; x_wconf 88' lang='lat' dir='ltr'><strong>latro·</strong></span> 
     </span>
     <span class='ocr_line' id='line_1_58' title="bbox 921 1604 1754 1675; baseline 0.01 -19"><span class='ocrx_word' id='word_1_446' title='bbox 921 1606 1087 1669; x_wconf 84' lang='lat' dir='ltr'><strong>uem,quivel</strong></span> <span class='ocrx_word' id='word_1_447' title='bbox 1102 1605 1229 1657; x_wconf 88' lang='lat' dir='ltr'><strong>mulierem</strong></span> <span class='ocrx_word' id='word_1_448' title='bbox 1243 1609 1325 1668; x_wconf 84' lang='lat' dir='ltr'><strong>peret.</strong></span> <span class='ocrx_word' id='word_1_449' title='bbox 1361 1609 1460 1659; x_wconf 86' lang='lat' dir='ltr'><strong>Servate</strong></span> <span class='ocrx_word' id='word_1_450' title='bbox 1474 1608 1712 1675; x_wconf 77' lang='lat' dir='ltr'><strong>bmesosquidem3</strong></span> <span class='ocrx_word' id='word_1_451' title='bbox 1751 1604 1754 1610; x_wconf 74' lang='grc'>’</span> 
     </span>
     <span class='ocr_line' id='line_1_59' title="bbox 921 1704 1711 1767; baseline 0.013 -15"><span class='ocrx_word' id='word_1_452' title='bbox 921 1704 1051 1755; x_wconf 81' lang='grc' dir='ltr'>νοΙοευίω</span> <span class='ocrx_word' id='word_1_453' title='bbox 1060 1705 1318 1767; x_wconf 86' lang='lat' dir='ltr'><strong>parentibuareddere.</strong></span> <span class='ocrx_word' id='word_1_454' title='bbox 1351 1709 1492 1758; x_wconf 81' lang='lat' dir='ltr'><strong>llosautem</strong></span> <span class='ocrx_word' id='word_1_455' title='bbox 1508 1710 1711 1762; x_wconf 82' lang='lat' dir='ltr'><strong>sileremuaintus</strong></span> 
     </span>
     <span class='ocr_line' id='line_1_60' title="bbox 920 1799 1555 1864; baseline 0.009 -16"><span class='ocrx_word' id='word_1_456' title='bbox 920 1799 979 1861; x_wconf 87' lang='lat' dir='ltr'><strong>sita,</strong></span> <span class='ocrx_word' id='word_1_457' title='bbox 990 1812 1046 1861; x_wconf 87' lang='lat' dir='ltr'><strong>quae</strong></span> <span class='ocrx_word' id='word_1_458' title='bbox 1055 1800 1094 1848; x_wconf 88' lang='lat' dir='ltr'><strong>rel</strong></span> <span class='ocrx_word' id='word_1_459' title='bbox 1104 1801 1154 1862; x_wconf 86' lang='lat' dir='ltr'><strong>ipsa</strong></span> <span class='ocrx_word' id='word_1_460' title='bbox 1164 1801 1261 1850; x_wconf 88' lang='lat' dir='ltr'><strong>mortua</strong></span> <span class='ocrx_word' id='word_1_461' title='bbox 1269 1813 1319 1850; x_wconf 95' lang='lat' dir='ltr'><strong>non</strong></span> <span class='ocrx_word' id='word_1_462' title='bbox 1328 1802 1431 1864; x_wconf 87' lang='lat' dir='ltr'><strong>amplius</strong></span> <span class='ocrx_word' id='word_1_463' title='bbox 1440 1804 1555 1854; x_wconf 85' lang='lat' dir='ltr'><strong>custodit.</strong></span> 
     </span>
    </p>

    <p class='ocr_par' dir='ltr' id='par_1_8' title="bbox 921 1895 1711 2055">
     <span class='ocr_line' id='line_1_61' title="bbox 952 1895 1711 1961; baseline 0.013 -19"><span class='ocrx_word' id='word_1_464' title='bbox 952 1896 982 1944; x_wconf 79' lang='lat' dir='ltr'><strong>x.</strong></span> <span class='ocrx_word' id='word_1_465' title='bbox 1002 1895 1108 1944; x_wconf 87' lang='lat' dir='ltr'><strong>onerato</strong></span> <span class='ocrx_word' id='word_1_466' title='bbox 1130 1895 1165 1944; x_wconf 88' lang='lat' dir='ltr'><strong>sic</strong></span> <span class='ocrx_word' id='word_1_467' title='bbox 1186 1895 1281 1959; x_wconf 88' lang='lat' dir='ltr'><strong>lembo,</strong></span> <span class='ocrx_word' id='word_1_468' title='bbox 1303 1897 1399 1947; x_wconf 82' lang='lat' dir='ltr'><strong>Theron</strong></span> <span class='ocrx_word' id='word_1_469' title='bbox 1419 1911 1506 1961; x_wconf 87' lang='lat' dir='ltr'><strong>parum</strong></span> <span class='ocrx_word' id='word_1_470' title='bbox 1526 1902 1637 1952; x_wconf 87' lang='lat' dir='ltr'><strong>secedere</strong></span> <span class='ocrx_word' id='word_1_471' title='bbox 1656 1916 1711 1952; x_wconf 88' lang='lat' dir='ltr'><strong>oum</strong></span> 
     </span>
     <span class='ocr_line' id='line_1_62' title="bbox 921 1987 1709 2055; baseline 0.013 -18"><span class='ocrx_word' id='word_1_472' title='bbox 921 1987 1022 2038; x_wconf 90' lang='lat' dir='ltr'><strong>muliere</strong></span> <span class='ocrx_word' id='word_1_473' title='bbox 1036 1987 1160 2038; x_wconf 77' lang='lat' dir='ltr'><strong>custodem</strong></span> <span class='ocrx_word' id='word_1_474' title='bbox 1176 1988 1258 2051; x_wconf 84' lang='lat' dir='ltr'><strong>iubet,</strong></span> <span class='ocrx_word' id='word_1_475' title='bbox 1272 1989 1362 2054; x_wconf 85' lang='lat' dir='ltr'><strong>deque</strong></span> <span class='ocrx_word' id='word_1_476' title='bbox 1375 1993 1489 2055; x_wconf 85' lang='lat' dir='ltr'><strong>proponit</strong></span> <span class='ocrx_word' id='word_1_477' title='bbox 1502 1996 1709 2046; x_wconf 83' lang='lat' dir='ltr'><strong>consultationem.</strong></span> 
     </span>
    </p>
   </div>
   <div class='ocr_carea' id='block_1_7' title="bbox 921 2079 1712 2233">
    <p class='ocr_par' dir='ltr' id='par_1_9' title="bbox 921 2079 1712 2233">
     <span class='ocr_line' id='line_1_63' title="bbox 921 2079 1711 2151; baseline 0.01 -20"><span class='ocrx_word' id='word_1_478' title='bbox 921 2080 968 2131; x_wconf 74' lang='lat' dir='ltr'><strong>alil</strong></span> <span class='ocrx_word' id='word_1_479' title='bbox 979 2079 1026 2130; x_wconf 89' lang='lat' dir='ltr'><strong>alia</strong></span> <span class='ocrx_word' id='word_1_480' title='bbox 1038 2081 1126 2130; x_wconf 88' lang='lat' dir='ltr'><strong>sentire</strong></span> <span class='ocrx_word' id='word_1_481' title='bbox 1143 2082 1168 2131; x_wconf 88' lang='lat' dir='ltr'><strong>et</strong></span> <span class='ocrx_word' id='word_1_482' title='bbox 1180 2080 1282 2132; x_wconf 86' lang='lat' dir='ltr'><strong>adversa</strong></span> <span class='ocrx_word' id='word_1_483' title='bbox 1293 2082 1347 2131; x_wconf 89' lang='lat' dir='ltr'><strong>sibi.</strong></span> <span class='ocrx_word' id='word_1_484' title='bbox 1381 2084 1478 2135; x_wconf 86' lang='lat' dir='ltr'><strong>Primus</strong></span> <span class='ocrx_word' id='word_1_485' title='bbox 1496 2086 1562 2135; x_wconf 88' lang='lat' dir='ltr'><strong>enirn</strong></span> <span class='ocrx_word' id='word_1_486' title='bbox 1578 2089 1632 2151; x_wconf 88' lang='lat' dir='ltr'><strong>quis</strong></span> <span class='ocrx_word' id='word_1_487' title='bbox 1650 2108 1656 2138; x_wconf 89' lang='lat'>:</span> <span class='ocrx_word' id='word_1_488' title='bbox 1673 2089 1711 2139; x_wconf 92' lang='lat' dir='ltr'><strong>ob</strong></span> 
     </span>
     <span class='ocr_line' id='line_1_64' title="bbox 921 2168 1712 2233; baseline 0.011 -15"><span class='ocrx_word' id='word_1_489' title='bbox 921 2168 988 2218; x_wconf 87' lang='lat' dir='ltr'><strong>allud</strong></span> <span class='ocrx_word' id='word_1_490' title='bbox 1002 2169 1100 2232; x_wconf 88' lang='lat' dir='ltr'><strong>quidem</strong></span> <span class='ocrx_word' id='word_1_491' title='bbox 1118 2170 1244 2233; x_wconf 85' lang='lat' dir='ltr'><strong>venimus,</strong></span> <span class='ocrx_word' id='word_1_492' title='bbox 1258 2170 1306 2231; x_wconf 89' lang='lat' dir='ltr'><strong>ait,</strong></span> <span class='ocrx_word' id='word_1_493' title='bbox 1322 2172 1499 2225; x_wconf 71' lang='lat' dir='ltr'><strong>commilitones</strong></span> <span class='ocrx_word' id='word_1_494' title='bbox 1514 2177 1640 2226; x_wconf 82' lang='lat' dir='ltr'><strong>:Fortuna</strong></span> <span class='ocrx_word' id='word_1_495' title='bbox 1654 2190 1712 2227; x_wconf 84' lang='lat' dir='ltr'><strong>vero</strong></span> 
     </span>
    </p>
   </div>
   <div class='ocr_carea' id='block_1_8' title="bbox 920 2263 1714 4315">
    <p class='ocr_par' dir='ltr' id='par_1_10' title="bbox 920 2263 1714 4315">
     <span class='ocr_line' id='line_1_65' title="bbox 921 2263 1711 2336; baseline 0.01 -23"><span class='ocrx_word' id='word_1_496' title='bbox 921 2263 1031 2326; x_wconf 88' lang='lat' dir='ltr'><strong>spequid</strong></span> <span class='ocrx_word' id='word_1_497' title='bbox 1046 2263 1253 2314; x_wconf 86' lang='lat' dir='ltr'><strong>meliuslnstitult.</strong></span> <span class='ocrx_word' id='word_1_498' title='bbox 1285 2267 1341 2336; x_wconf 85' lang='lat' dir='ltr'><strong>Quo</strong></span> <span class='ocrx_word' id='word_1_499' title='bbox 1350 2267 1449 2317; x_wconf 69' lang='lat' dir='ltr'><strong>ummur</strong></span> <span class='ocrx_word' id='word_1_500' title='bbox 1460 2266 1543 2318; x_wconf 89' lang='lat' dir='ltr'><strong>velim.</strong></span> <span class='ocrx_word' id='word_1_501' title='bbox 1575 2270 1615 2321; x_wconf 82' lang='lat' dir='ltr'><strong>sio</strong></span> <span class='ocrx_word' id='word_1_502' title='bbox 1633 2271 1711 2333; x_wconf 87' lang='lat' dir='ltr'><strong>enim,</strong></span> 
     </span>
     <span class='ocr_line' id='line_1_66' title="bbox 921 2357 1712 2427; baseline 0.01 -21"><span class='ocrx_word' id='word_1_503' title='bbox 921 2357 1039 2421; x_wconf 88' lang='lat' dir='ltr'><strong>quidquid</strong></span> <span class='ocrx_word' id='word_1_504' title='bbox 1059 2359 1168 2418; x_wconf 80' lang='lat' dir='ltr'><strong>lecimus,</strong></span> <span class='ocrx_word' id='word_1_505' title='bbox 1184 2358 1266 2409; x_wconf 84' lang='lat' dir='ltr'><strong>iecisse</strong></span> <span class='ocrx_word' id='word_1_506' title='bbox 1279 2360 1404 2410; x_wconf 84' lang='lat' dir='ltr'><strong>indemnes</strong></span> <span class='ocrx_word' id='word_1_507' title='bbox 1419 2365 1443 2410; x_wconf 91' lang='lat' dir='ltr'><strong>et</strong></span> <span class='ocrx_word' id='word_1_508' title='bbox 1456 2363 1509 2413; x_wconf 87' lang='lat' dir='ltr'><strong>siue</strong></span> <span class='ocrx_word' id='word_1_509' title='bbox 1520 2364 1627 2426; x_wconf 89' lang='lat' dir='ltr'><strong>periculo</strong></span> <span class='ocrx_word' id='word_1_510' title='bbox 1647 2368 1712 2427; x_wconf 92' lang='lat' dir='ltr'><strong>pote·</strong></span> 
     </span>
     <span class='ocr_line' id='line_1_67' title="bbox 921 2451 1710 2521; baseline 0.01 -19"><span class='ocrx_word' id='word_1_511' title='bbox 921 2451 1004 2503; x_wconf 76' lang='lat' dir='ltr'><strong>durus.</strong></span> <span class='ocrx_word' id='word_1_512' title='bbox 1038 2453 1138 2503; x_wconf 80' lang='lat' dir='ltr'><strong>inferias</strong></span> <span class='ocrx_word' id='word_1_513' title='bbox 1149 2452 1202 2502; x_wconf 90' lang='lat' dir='ltr'><strong>loco</strong></span> <span class='ocrx_word' id='word_1_514' title='bbox 1216 2468 1260 2504; x_wconf 89' lang='lat' dir='ltr'><strong>suo</strong></span> <span class='ocrx_word' id='word_1_515' title='bbox 1273 2455 1395 2516; x_wconf 87' lang='lat' dir='ltr'><strong>sinamus,</strong></span> <span class='ocrx_word' id='word_1_516' title='bbox 1406 2456 1442 2506; x_wconf 90' lang='lat' dir='ltr'><strong>sic</strong></span> <span class='ocrx_word' id='word_1_517' title='bbox 1458 2457 1518 2506; x_wconf 90' lang='lat' dir='ltr'><strong>mibi</strong></span> <span class='ocrx_word' id='word_1_518' title='bbox 1534 2458 1630 2510; x_wconf 90' lang='lat' dir='ltr'><strong>videtur</strong></span> <span class='ocrx_word' id='word_1_519' title='bbox 1635 2477 1644 2521; x_wconf 89' lang='lat'>;</span> <span class='ocrx_word' id='word_1_520' title='bbox 1658 2461 1710 2510; x_wconf 92' lang='lat' dir='ltr'><strong>red·</strong></span> 
     </span>
     <span class='ocr_line' id='line_1_68' title="bbox 922 2544 1712 2619; baseline 0.01 -23"><span class='ocrx_word' id='word_1_521' title='bbox 922 2544 1009 2597; x_wconf 86' lang='lat' dir='ltr'><strong>damus</strong></span> <span class='ocrx_word' id='word_1_522' title='bbox 1026 2549 1115 2600; x_wconf 87' lang='lat' dir='ltr'><strong>marito</strong></span> <span class='ocrx_word' id='word_1_523' title='bbox 1130 2550 1242 2613; x_wconf 88' lang='lat' dir='ltr'><strong>patrique</strong></span> <span class='ocrx_word' id='word_1_524' title='bbox 1261 2550 1425 2614; x_wconf 74' lang='lat' dir='ltr'><strong>Callirrhoen,</strong></span> <span class='ocrx_word' id='word_1_525' title='bbox 1439 2555 1542 2617; x_wconf 76' lang='lat' dir='ltr'><strong>prelati,</strong></span> <span class='ocrx_word' id='word_1_526' title='bbox 1553 2557 1671 2619; x_wconf 76' lang='lat' dir='ltr'><strong>appulisse</strong></span> <span class='ocrx_word' id='word_1_527' title='bbox 1682 2557 1712 2605; x_wconf 91' lang='lat' dir='ltr'><strong>ad</strong></span> 
     </span>
     <span class='ocr_line' id='line_1_69' title="bbox 920 2644 1713 2712; baseline 0.011 -20"><span class='ocrx_word' id='word_1_528' title='bbox 920 2644 1081 2694; x_wconf 85' lang='lat' dir='ltr'><strong>conditorium</strong></span> <span class='ocrx_word' id='word_1_529' title='bbox 1097 2658 1142 2708; x_wconf 90' lang='lat' dir='ltr'><strong>pro</strong></span> <span class='ocrx_word' id='word_1_530' title='bbox 1167 2658 1235 2696; x_wconf 88' lang='lat' dir='ltr'><strong>more</strong></span> <span class='ocrx_word' id='word_1_531' title='bbox 1250 2646 1412 2709; x_wconf 82' lang='lat' dir='ltr'><strong>piscatorum,</strong></span> <span class='ocrx_word' id='word_1_532' title='bbox 1433 2651 1459 2698; x_wconf 87' lang='lat' dir='ltr'><strong>et</strong></span> <span class='ocrx_word' id='word_1_533' title='bbox 1476 2650 1560 2700; x_wconf 84' lang='lat' dir='ltr'><strong>audita</strong></span> <span class='ocrx_word' id='word_1_534' title='bbox 1580 2663 1655 2712; x_wconf 88' lang='lat' dir='ltr'><strong>voee,</strong></span> <span class='ocrx_word' id='word_1_535' title='bbox 1677 2652 1713 2700; x_wconf 91' lang='lat' dir='ltr'><strong>in·</strong></span> 
     </span>
     <span class='ocr_line' id='line_1_70' title="bbox 922 2739 1712 2806; baseline 0.011 -19"><span class='ocrx_word' id='word_1_536' title='bbox 922 2739 1012 2789; x_wconf 89' lang='lat' dir='ltr'><strong>stinctu</strong></span> <span class='ocrx_word' id='word_1_537' title='bbox 1034 2739 1189 2789; x_wconf 88' lang='lat' dir='ltr'><strong>humanitatis</strong></span> <span class='ocrx_word' id='word_1_538' title='bbox 1208 2739 1344 2791; x_wconf 79' lang='lat' dir='ltr'><strong>admonitos</strong></span> <span class='ocrx_word' id='word_1_539' title='bbox 1368 2744 1503 2806; x_wconf 83' lang='lat' dir='ltr'><strong>aperuisse,</strong></span> <span class='ocrx_word' id='word_1_540' title='bbox 1525 2744 1556 2793; x_wconf 84' lang='lat' dir='ltr'><strong>ad</strong></span> <span class='ocrx_word' id='word_1_541' title='bbox 1571 2746 1712 2796; x_wconf 86' lang='lat' dir='ltr'><strong>servandam</strong></span> 
     </span>
     <span class='ocr_line' id='line_1_71' title="bbox 920 2831 1710 2901; baseline 0.011 -22"><span class='ocrx_word' id='word_1_542' title='bbox 920 2831 985 2881; x_wconf 89' lang='lat' dir='ltr'><strong>intus</strong></span> <span class='ocrx_word' id='word_1_543' title='bbox 1008 2833 1156 2882; x_wconf 85' lang='lat' dir='ltr'><strong>conclusam.</strong></span> <span class='ocrx_word' id='word_1_544' title='bbox 1199 2837 1355 2884; x_wconf 86' lang='lat' dir='ltr'><strong>sacramento</strong></span> <span class='ocrx_word' id='word_1_545' title='bbox 1382 2837 1508 2886; x_wconf 89' lang='lat' dir='ltr'><strong>mulierem</strong></span> <span class='ocrx_word' id='word_1_546' title='bbox 1534 2838 1710 2901; x_wconf 81' lang='lat' dir='ltr'><strong>obstringamus</strong></span> 
     </span>
     <span class='ocr_line' id='line_1_72' title="bbox 920 2925 1712 2996; baseline 0.011 -22"><span class='ocrx_word' id='word_1_547' title='bbox 920 2925 1002 2974; x_wconf 84' lang='lat' dir='ltr'><strong>omnis</strong></span> <span class='ocrx_word' id='word_1_548' title='bbox 1015 2927 1084 2975; x_wconf 91' lang='lat' dir='ltr'><strong>nobis</strong></span> <span class='ocrx_word' id='word_1_549' title='bbox 1097 2929 1234 2978; x_wconf 79' lang='lat' dir='ltr'><strong>contestari.</strong></span> <span class='ocrx_word' id='word_1_550' title='bbox 1269 2931 1383 2980; x_wconf 80' lang='lat' dir='ltr'><strong>libenter</strong></span> <span class='ocrx_word' id='word_1_551' title='bbox 1396 2935 1478 2981; x_wconf 85' lang='lat' dir='ltr'><strong>eutem</strong></span> <span class='ocrx_word' id='word_1_552' title='bbox 1495 2934 1567 2983; x_wconf 86' lang='lat' dir='ltr'><strong>taciet</strong></span> <span class='ocrx_word' id='word_1_553' title='bbox 1579 2935 1641 2983; x_wconf 88' lang='lat' dir='ltr'><strong>banc</strong></span> <span class='ocrx_word' id='word_1_554' title='bbox 1657 2949 1712 2996; x_wconf 83' lang='lat' dir='ltr'><strong>gra·</strong></span> 
     </span>
     <span class='ocr_line' id='line_1_73' title="bbox 921 3018 1711 3090; baseline 0.014 -24"><span class='ocrx_word' id='word_1_555' title='bbox 921 3019 989 3079; x_wconf 88' lang='lat' dir='ltr'><strong>tiam,</strong></span> <span class='ocrx_word' id='word_1_556' title='bbox 1002 3018 1092 3080; x_wconf 88' lang='lat' dir='ltr'><strong>quibus</strong></span> <span class='ocrx_word' id='word_1_557' title='bbox 1102 3022 1127 3069; x_wconf 91' lang='lat' dir='ltr'><strong>et</strong></span> <span class='ocrx_word' id='word_1_558' title='bbox 1136 3021 1188 3082; x_wconf 87' lang='lat' dir='ltr'><strong>ipsa</strong></span> <span class='ocrx_word' id='word_1_559' title='bbox 1198 3023 1294 3072; x_wconf 75' lang='grc' dir='ltr'>ῐσιιίιιω</span> <span class='ocrx_word' id='word_1_560' title='bbox 1306 3023 1387 3084; x_wconf 91' lang='lat' dir='ltr'><strong>debet,</strong></span> <span class='ocrx_word' id='word_1_561' title='bbox 1398 3024 1596 3088; x_wconf 80' lang='lat' dir='ltr'><strong>benefactoribus,</strong></span> <span class='ocrx_word' id='word_1_562' title='bbox 1606 3041 1711 3090; x_wconf 88' lang='lat' dir='ltr'><strong>quorum</strong></span> 
     </span>
     <span class='ocr_line' id='line_1_74' title="bbox 920 3113 1711 3184; baseline 0.014 -24"><span class='ocrx_word' id='word_1_563' title='bbox 920 3125 966 3174; x_wconf 92' lang='lat' dir='ltr'><strong>ope</strong></span> <span class='ocrx_word' id='word_1_564' title='bbox 985 3113 1094 3162; x_wconf 87' lang='lat' dir='ltr'><strong>lancibus</strong></span> <span class='ocrx_word' id='word_1_565' title='bbox 1110 3115 1166 3164; x_wconf 87' lang='lat' dir='ltr'><strong>Orci</strong></span> <span class='ocrx_word' id='word_1_566' title='bbox 1187 3119 1268 3177; x_wconf 83' lang='lat' dir='ltr'><strong>erepta</strong></span> <span class='ocrx_word' id='word_1_567' title='bbox 1287 3119 1332 3167; x_wconf 90' lang='lat' dir='ltr'><strong>est.</strong></span> <span class='ocrx_word' id='word_1_568' title='bbox 1365 3120 1476 3180; x_wconf 87' lang='lat' dir='ltr'><strong>Quanto,</strong></span> <span class='ocrx_word' id='word_1_569' title='bbox 1497 3121 1601 3182; x_wconf 87' lang='lat' dir='ltr'><strong>putatis,</strong></span> <span class='ocrx_word' id='word_1_570' title='bbox 1624 3123 1711 3184; x_wconf 81' lang='lat' dir='ltr'><strong>gaudio</strong></span> 
     </span>
     <span class='ocr_line' id='line_1_75' title="bbox 920 3209 1713 3274; baseline 0.008 -16"><span class='ocrx_word' id='word_1_571' title='bbox 920 3209 997 3258; x_wconf 89' lang='lat' dir='ltr'><strong>totam</strong></span> <span class='ocrx_word' id='word_1_572' title='bbox 1011 3209 1117 3259; x_wconf 89' lang='lat' dir='ltr'><strong>Siciliam</strong></span> <span class='ocrx_word' id='word_1_573' title='bbox 1131 3210 1293 3272; x_wconf 74' lang='lat' dir='ltr'><strong>replebimur?</strong></span> <span class='ocrx_word' id='word_1_574' title='bbox 1306 3214 1372 3268; x_wconf 86' lang='lat' dir='ltr'><strong>Quot</strong></span> <span class='ocrx_word' id='word_1_575' title='bbox 1381 3217 1405 3262; x_wconf 89' lang='lat' dir='ltr'><strong>et</strong></span> <span class='ocrx_word' id='word_1_576' title='bbox 1415 3226 1471 3274; x_wconf 78' lang='lat' dir='ltr'><strong>quae</strong></span> <span class='ocrx_word' id='word_1_577' title='bbox 1482 3214 1586 3265; x_wconf 90' lang='lat' dir='ltr'><strong>ieremus</strong></span> <span class='ocrx_word' id='word_1_578' title='bbox 1597 3221 1713 3267; x_wconf 82' lang='lat' dir='ltr'><strong>munera?</strong></span> 
     </span>
     <span class='ocr_line' id='line_1_76' title="bbox 921 3302 1712 3368; baseline 0.009 -16"><span class='ocrx_word' id='word_1_579' title='bbox 921 3303 1000 3353; x_wconf 82' lang='lat' dir='ltr'><strong>Etiam</strong></span> <span class='ocrx_word' id='word_1_580' title='bbox 1009 3302 1712 3368; x_wconf 82' lang='lat' dir='ltr'><strong>aedemoperaetjusadversumbominesetlasadrersum</strong></span> 
     </span>
     <span class='ocr_line' id='line_1_77' title="bbox 921 3395 1712 3467; baseline 0.013 -22"><span class='ocrx_word' id='word_1_581' title='bbox 921 3395 979 3447; x_wconf 83' lang='lat' dir='ltr'><strong>deos</strong></span> <span class='ocrx_word' id='word_1_582' title='bbox 999 3398 1184 3449; x_wconf 78' lang='lat' dir='ltr'><strong>servaverimus.</strong></span> <span class='ocrx_word' id='word_1_583' title='bbox 1217 3401 1388 3462; x_wconf 85' lang='lat' dir='ltr'><strong>intempestive</strong></span> <span class='ocrx_word' id='word_1_584' title='bbox 1403 3405 1429 3451; x_wconf 88' lang='lat' dir='ltr'><strong>et</strong></span> <span class='ocrx_word' id='word_1_585' title='bbox 1441 3402 1541 3463; x_wconf 90' lang='lat' dir='ltr'><strong>stolide,</strong></span> <span class='ocrx_word' id='word_1_586' title='bbox 1561 3404 1712 3467; x_wconf 87' lang='lat' dir='ltr'><strong>siciucrepat</strong></span> 
     </span>
     <span class='ocr_line' id='line_1_78' title="bbox 921 3491 1713 3558; baseline 0.008 -18"><span class='ocrx_word' id='word_1_587' title='bbox 921 3491 981 3542; x_wconf 87' lang='lat' dir='ltr'><strong>alter</strong></span> <span class='ocrx_word' id='word_1_588' title='bbox 991 3491 1070 3543; x_wconf 84' lang='lat' dir='ltr'><strong>adbuc</strong></span> <span class='ocrx_word' id='word_1_589' title='bbox 1077 3492 1232 3544; x_wconf 86' lang='lat' dir='ltr'><strong>disserentem</strong></span> <span class='ocrx_word' id='word_1_590' title='bbox 1241 3530 1249 3557; x_wconf 95' lang='lat'><strong>,</strong></span> <span class='ocrx_word' id='word_1_591' title='bbox 1259 3494 1421 3557; x_wconf 86' lang='lat' dir='ltr'><strong>philosophari</strong></span> <span class='ocrx_word' id='word_1_592' title='bbox 1429 3508 1493 3544; x_wconf 88' lang='lat' dir='ltr'><strong>nuuc</strong></span> <span class='ocrx_word' id='word_1_593' title='bbox 1500 3509 1544 3545; x_wconf 90' lang='lat' dir='ltr'><strong>nos</strong></span> <span class='ocrx_word' id='word_1_594' title='bbox 1551 3496 1638 3558; x_wconf 78' lang='lat' dir='ltr'><strong>jubes?</strong></span> <span class='ocrx_word' id='word_1_595' title='bbox 1647 3501 1713 3546; x_wconf 89' lang='lat' dir='ltr'><strong>itane</strong></span> 
     </span>
     <span class='ocr_line' id='line_1_79' title="bbox 921 3585 1712 3651; baseline 0.006 -16"><span class='ocrx_word' id='word_1_596' title='bbox 921 3597 965 3634; x_wconf 90' lang='lat' dir='ltr'><strong>uos</strong></span> <span class='ocrx_word' id='word_1_597' title='bbox 981 3585 1079 3637; x_wconf 88' lang='lat' dir='ltr'><strong>violatio</strong></span> <span class='ocrx_word' id='word_1_598' title='bbox 1096 3587 1263 3650; x_wconf 84' lang='lat' dir='ltr'><strong>sepulcrorum</strong></span> <span class='ocrx_word' id='word_1_599' title='bbox 1274 3589 1371 3637; x_wconf 88' lang='lat' dir='ltr'><strong>sanctos</strong></span> <span class='ocrx_word' id='word_1_600' title='bbox 1388 3586 1524 3651; x_wconf 84' lang='lat' dir='ltr'><strong>probosque</strong></span> <span class='ocrx_word' id='word_1_601' title='bbox 1537 3590 1660 3639; x_wconf 76' lang='lat' dir='ltr'><strong>olfecerit?</strong></span> <span class='ocrx_word' id='word_1_602' title='bbox 1670 3591 1712 3640; x_wconf 86' lang='lat' dir='ltr'><strong>lli·</strong></span> 
     </span>
     <span class='ocr_line' id='line_1_80' title="bbox 920 3680 1713 3747; baseline 0.005 -18"><span class='ocrx_word' id='word_1_603' title='bbox 920 3680 1053 3731; x_wconf 83' lang='lat' dir='ltr'><strong>serebimur</strong></span> <span class='ocrx_word' id='word_1_604' title='bbox 1073 3682 1178 3743; x_wconf 89' lang='lat' dir='ltr'><strong>scilieet,</strong></span> <span class='ocrx_word' id='word_1_605' title='bbox 1196 3682 1265 3743; x_wconf 78' lang='lat' dir='ltr'><strong>cuius</strong></span> <span class='ocrx_word' id='word_1_606' title='bbox 1276 3695 1356 3745; x_wconf 86' lang='lat' dir='ltr'><strong>neque</strong></span> <span class='ocrx_word' id='word_1_607' title='bbox 1368 3683 1418 3744; x_wconf 89' lang='lat' dir='ltr'><strong>ipse</strong></span> <span class='ocrx_word' id='word_1_608' title='bbox 1437 3682 1556 3744; x_wconf 89' lang='lat' dir='ltr'><strong>maritus;</strong></span> <span class='ocrx_word' id='word_1_609' title='bbox 1577 3684 1625 3733; x_wconf 92' lang='lat' dir='ltr'><strong>imo</strong></span> <span class='ocrx_word' id='word_1_610' title='bbox 1639 3698 1713 3747; x_wconf 87' lang='lat' dir='ltr'><strong>quam</strong></span> 
     </span>
     <span class='ocr_line' id='line_1_81' title="bbox 921 3775 1712 3842; baseline 0.006 -19"><span class='ocrx_word' id='word_1_611' title='bbox 921 3775 1031 3836; x_wconf 91' lang='lat' dir='ltr'><strong>peremit.</strong></span> <span class='ocrx_word' id='word_1_612' title='bbox 1064 3778 1096 3824; x_wconf 78' lang='lat' dir='ltr'><strong>At</strong></span> <span class='ocrx_word' id='word_1_613' title='bbox 1109 3790 1233 3838; x_wconf 87' lang='lat' dir='ltr'><strong>uunquam</strong></span> <span class='ocrx_word' id='word_1_614' title='bbox 1243 3790 1288 3825; x_wconf 87' lang='lat' dir='ltr'><strong>uos</strong></span> <span class='ocrx_word' id='word_1_615' title='bbox 1298 3777 1375 3826; x_wconf 74' lang='lat' dir='ltr'><strong>lesit?</strong></span> <span class='ocrx_word' id='word_1_616' title='bbox 1384 3777 1466 3827; x_wconf 77' lang='lat' dir='ltr'><strong>baadet</strong></span> <span class='ocrx_word' id='word_1_617' title='bbox 1479 3777 1604 3840; x_wconf 88' lang='lat' dir='ltr'><strong>nimirum,</strong></span> <span class='ocrx_word' id='word_1_618' title='bbox 1614 3778 1657 3828; x_wconf 88' lang='lat' dir='ltr'><strong>sed</strong></span> <span class='ocrx_word' id='word_1_619' title='bbox 1668 3781 1712 3842; x_wconf 86' lang='lat' dir='ltr'><strong>sic,</strong></span> 
     </span>
     <span class='ocr_line' id='line_1_82' title="bbox 922 3866 1713 3932; baseline 0.011 -17"><span class='ocrx_word' id='word_1_620' title='bbox 922 3870 949 3916; x_wconf 91' lang='lat' dir='ltr'><strong>ut</strong></span> <span class='ocrx_word' id='word_1_621' title='bbox 958 3866 1104 3930; x_wconf 84' lang='lat' dir='ltr'><strong>pessumdet.</strong></span> <span class='ocrx_word' id='word_1_622' title='bbox 1116 3868 1224 3918; x_wconf 88' lang='lat' dir='ltr'><strong>Primum</strong></span> <span class='ocrx_word' id='word_1_623' title='bbox 1232 3869 1330 3931; x_wconf 87' lang='lat' dir='ltr'><strong>quidem</strong></span> <span class='ocrx_word' id='word_1_624' title='bbox 1340 3871 1359 3920; x_wconf 90' lang='lat' dir='ltr'><strong>si</strong></span> <span class='ocrx_word' id='word_1_625' title='bbox 1369 3870 1498 3932; x_wconf 80' lang='lat' dir='ltr'><strong>gentilibus</strong></span> <span class='ocrx_word' id='word_1_626' title='bbox 1506 3871 1572 3922; x_wconf 85' lang='lat' dir='ltr'><strong>illam</strong></span> <span class='ocrx_word' id='word_1_627' title='bbox 1578 3872 1713 3924; x_wconf 84' lang='lat' dir='ltr'><strong>restitueri-</strong></span> 
     </span>
     <span class='ocr_line' id='line_1_83' title="bbox 922 3962 1712 4025; baseline 0.014 -15"><span class='ocrx_word' id='word_1_628' title='bbox 922 3975 985 4022; x_wconf 87' lang='lat' dir='ltr'><strong>mus,</strong></span> <span class='ocrx_word' id='word_1_629' title='bbox 993 3962 1200 4025; x_wconf 87' lang='lat' dir='ltr'><strong>obscurum,quid</strong></span> <span class='ocrx_word' id='word_1_630' title='bbox 1209 3965 1244 4013; x_wconf 92' lang='lat' dir='ltr'><strong>illi</strong></span> <span class='ocrx_word' id='word_1_631' title='bbox 1254 3966 1300 4013; x_wconf 90' lang='lat' dir='ltr'><strong>boc</strong></span> <span class='ocrx_word' id='word_1_632' title='bbox 1309 3965 1339 4015; x_wconf 92' lang='lat' dir='ltr'><strong>de</strong></span> <span class='ocrx_word' id='word_1_633' title='bbox 1346 3967 1452 4016; x_wconf 81' lang='lat' dir='ltr'><strong>iocinore</strong></span> <span class='ocrx_word' id='word_1_634' title='bbox 1459 3969 1569 4020; x_wconf 90' lang='lat' dir='ltr'><strong>sentient.</strong></span> <span class='ocrx_word' id='word_1_635' title='bbox 1586 3971 1712 4020; x_wconf 83' lang='lat' dir='ltr'><strong>Fierisane</strong></span> 
     </span>
     <span class='ocr_line' id='line_1_84' title="bbox 922 4059 1714 4129; baseline 0.009 -20"><span class='ocrx_word' id='word_1_636' title='bbox 922 4059 1007 4122; x_wconf 86' lang='lat' dir='ltr'><strong>nequit</strong></span> <span class='ocrx_word' id='word_1_637' title='bbox 1018 4063 1046 4108; x_wconf 92' lang='lat' dir='ltr'><strong>ut</strong></span> <span class='ocrx_word' id='word_1_638' title='bbox 1058 4059 1082 4107; x_wconf 90' lang='lat' dir='ltr'><strong>iu</strong></span> <span class='ocrx_word' id='word_1_639' title='bbox 1094 4072 1186 4108; x_wconf 77' lang='grc' dir='ltr'>σουισω</span> <span class='ocrx_word' id='word_1_640' title='bbox 1197 4060 1358 4123; x_wconf 88' lang='lat' dir='ltr'><strong>suspicionem</strong></span> <span class='ocrx_word' id='word_1_641' title='bbox 1371 4076 1421 4111; x_wconf 91' lang='lat' dir='ltr'><strong>nou</strong></span> <span class='ocrx_word' id='word_1_642' title='bbox 1432 4065 1593 4126; x_wconf 89' lang='lat' dir='ltr'><strong>incurramus,</strong></span> <span class='ocrx_word' id='word_1_643' title='bbox 1610 4079 1714 4129; x_wconf 86' lang='lat' dir='ltr'><strong>quapro-</strong></span> 
     </span>
     <span class='ocr_line' id='line_1_85' title="bbox 922 4153 1713 4221; baseline 0.009 -19"><span class='ocrx_word' id='word_1_644' title='bbox 922 4156 975 4216; x_wconf 87' lang='lat' dir='ltr'><strong>pter</strong></span> <span class='ocrx_word' id='word_1_645' title='bbox 986 4153 1124 4215; x_wconf 89' lang='lat' dir='ltr'><strong>sepulcrum</strong></span> <span class='ocrx_word' id='word_1_646' title='bbox 1139 4156 1346 4204; x_wconf 83' lang='lat' dir='ltr'><strong>attentaverimus.</strong></span> <span class='ocrx_word' id='word_1_647' title='bbox 1359 4157 1429 4217; x_wconf 88' lang='lat' dir='ltr'><strong>Dein,</strong></span> <span class='ocrx_word' id='word_1_648' title='bbox 1447 4158 1540 4208; x_wconf 88' lang='lat' dir='ltr'><strong>etiamsi</strong></span> <span class='ocrx_word' id='word_1_649' title='bbox 1551 4159 1585 4207; x_wconf 92' lang='lat' dir='ltr'><strong>illi</strong></span> <span class='ocrx_word' id='word_1_650' title='bbox 1599 4158 1630 4209; x_wconf 90' lang='lat' dir='ltr'><strong>de</strong></span> <span class='ocrx_word' id='word_1_651' title='bbox 1643 4174 1713 4221; x_wconf 86' lang='lat' dir='ltr'><strong>poena</strong></span> 
     </span>
     <span class='ocr_line' id='line_1_86' title="bbox 921 4249 1713 4315; baseline 0.001 -16"><span class='ocrx_word' id='word_1_652' title='bbox 921 4249 1169 4310; x_wconf 82' lang='lat' dir='ltr'><strong>nobisgratisroentur,</strong></span> <span class='ocrx_word' id='word_1_653' title='bbox 1176 4249 1276 4310; x_wconf 84' lang='lat' dir='ltr'><strong>gentiles</strong></span> <span class='ocrx_word' id='word_1_654' title='bbox 1283 4251 1571 4313; x_wconf 79' lang='lat' dir='ltr'><strong>puta3atquiArclioutes</strong></span> <span class='ocrx_word' id='word_1_655' title='bbox 1580 4255 1713 4315; x_wconf 85' lang='lat' dir='ltr'><strong>etpopulus</strong></span> 
     </span>
    </p>
   </div>
   <div class='ocr_carea' id='block_1_9' title="bbox 90 4343 1715 4875">
    <p class='ocr_par' dir='ltr' id='par_1_11' title="bbox 90 4343 1715 4875">
     <span class='ocr_line' id='line_1_87' title="bbox 90 4343 1713 4437; baseline -0.003 -38"><span class='ocrx_word' id='word_1_656' title='bbox 90 4374 197 4432; x_wconf 56' lang='grc' dir='ltr'><strong>γονης</strong></span> <span class='ocrx_word' id='word_1_657' title='bbox 219 4357 277 4414; x_wconf 64' lang='grc' dir='ltr'><strong>καθ’</strong></span> <span class='ocrx_word' id='word_1_658' title='bbox 293 4358 379 4413; x_wconf 56' lang='grc' dir='ltr'>αὑτῶ,</span> <span class='ocrx_word' id='word_1_659' title='bbox 399 4356 429 4413; x_wconf 66' lang='grc' dir='ltr'><strong>τ’,</strong></span> <span class='ocrx_word' id='word_1_660' title='bbox 450 4355 564 4435; x_wconf 49' lang='grc' dir='ltr'>φορτίον,</span> <span class='ocrx_word' id='word_1_661' title='bbox 607 4356 687 4435; x_wconf 66' lang='grc' dir='ltr'>Τάχα</span> <span class='ocrx_word' id='word_1_662' title='bbox 708 4355 736 4413; x_wconf 65' lang='grc' dir='ltr'><strong>δέ</strong></span> <span class='ocrx_word' id='word_1_663' title='bbox 755 4379 794 4422; x_wconf 60' lang='grc' dir='ltr'><strong>,κ</strong></span> <span class='ocrx_word' id='word_1_664' title='bbox 809 4357 877 4437; x_wconf 56' lang='lat'><strong>3923,</strong></span> <span class='ocrx_word' id='word_1_665' title='bbox 922 4358 970 4394; x_wconf 93' lang='lat' dir='ltr'><strong>nou</strong></span> <span class='ocrx_word' id='word_1_666' title='bbox 984 4343 1106 4393; x_wconf 90' lang='lat' dir='ltr'><strong>dimittent</strong></span> <span class='ocrx_word' id='word_1_667' title='bbox 1121 4345 1286 4406; x_wconf 89' lang='lat' dir='ltr'><strong>sepulcrorum</strong></span> <span class='ocrx_word' id='word_1_668' title='bbox 1298 4346 1458 4407; x_wconf 81' lang='lat' dir='ltr'><strong>perfossores,</strong></span> <span class='ocrx_word' id='word_1_669' title='bbox 1470 4348 1512 4408; x_wconf 87' lang='lat' dir='ltr'><strong>qui</strong></span> <span class='ocrx_word' id='word_1_670' title='bbox 1524 4348 1642 4396; x_wconf 82' lang='lat' dir='ltr'><strong>sarcinam</strong></span> <span class='ocrx_word' id='word_1_671' title='bbox 1653 4345 1713 4394; x_wconf 90' lang='lat' dir='ltr'><strong>banc</strong></span> 
     </span>
     <span class='ocr_line' id='line_1_88' title="bbox 90 4435 1715 4524; baseline 0.001 -36"><span class='ocrx_word' id='word_1_672' title='bbox 90 4439 297 4524; x_wconf 50' lang='lat' dir='ltr'><strong>„emmam</strong></span> <span class='ocrx_word' id='word_1_673' title='bbox 315 4435 398 4515; x_wconf 58' lang='grc' dir='ltr'>εἴρω,</span> <span class='ocrx_word' id='word_1_674' title='bbox 415 4446 540 4516; x_wconf 56' lang='grc' dir='ltr'>πωλῆσαι</span> <span class='ocrx_word' id='word_1_675' title='bbox 562 4442 608 4515; x_wconf 62' lang='grc' dir='ltr'><strong>,ἦν</strong></span> <span class='ocrx_word' id='word_1_676' title='bbox 631 4452 758 4523; x_wconf 62' lang='grc' dir='ltr'><strong>γυναῖκα.</strong></span> <span class='ocrx_word' id='word_1_677' title='bbox 799 4444 878 4521; x_wconf 59' lang='grc' dir='ltr'>τιμὴ,</span> <span class='ocrx_word' id='word_1_678' title='bbox 922 4440 1030 4502; x_wconf 89' lang='lat' dir='ltr'><strong>ipsomm</strong></span> <span class='ocrx_word' id='word_1_679' title='bbox 1043 4439 1119 4489; x_wconf 89' lang='lat' dir='ltr'><strong>oculis</strong></span> <span class='ocrx_word' id='word_1_680' title='bbox 1131 4439 1246 4490; x_wconf 87' lang='lat' dir='ltr'><strong>audacter</strong></span> <span class='ocrx_word' id='word_1_681' title='bbox 1258 4441 1376 4502; x_wconf 83' lang='lat' dir='ltr'><strong>ingerant.</strong></span> <span class='ocrx_word' id='word_1_682' title='bbox 1408 4443 1480 4490; x_wconf 86' lang='lat' dir='ltr'><strong>Forte</strong></span> <span class='ocrx_word' id='word_1_683' title='bbox 1492 4441 1547 4503; x_wconf 88' lang='lat' dir='ltr'><strong>quis</strong></span> <span class='ocrx_word' id='word_1_684' title='bbox 1559 4441 1631 4500; x_wconf 88' lang='lat' dir='ltr'><strong>dicet,</strong></span> <span class='ocrx_word' id='word_1_685' title='bbox 1643 4454 1715 4501; x_wconf 87' lang='lat' dir='ltr'><strong>expe·</strong></span> 
     </span>
     <span class='ocr_line' id='line_1_89' title="bbox 90 4526 1713 4611; baseline -0.004 -25"><span class='ocrx_word' id='word_1_686' title='bbox 90 4526 266 4608; x_wconf 71' lang='grc' dir='ltr'>ἂρεθμήσειν</span> <span class='ocrx_word' id='word_1_687' title='bbox 281 4529 485 4598; x_wconf 85' lang='grc' dir='ltr'>διάτδκάλλος.</span> <span class='ocrx_word' id='word_1_688' title='bbox 526 4529 606 4611; x_wconf 79' lang='grc' dir='ltr'>Ἔχει</span> <span class='ocrx_word' id='word_1_689' title='bbox 620 4530 647 4590; x_wconf 76' lang='grc' dir='ltr'><strong>δὲ</strong></span> <span class='ocrx_word' id='word_1_690' title='bbox 664 4533 709 4590; x_wconf 84' lang='grc' dir='ltr'><strong>καλ</strong></span> <span class='ocrx_word' id='word_1_691' title='bbox 726 4536 803 4590; x_wconf 81' lang='grc' dir='ltr'>τοῦτο</span> <span class='ocrx_word' id='word_1_692' title='bbox 820 4530 877 4589; x_wconf 90' lang='grc' dir='ltr'>κίν-</span> <span class='ocrx_word' id='word_1_693' title='bbox 922 4533 974 4584; x_wconf 86' lang='lat' dir='ltr'><strong>dire</strong></span> <span class='ocrx_word' id='word_1_694' title='bbox 988 4534 1114 4585; x_wconf 87' lang='lat' dir='ltr'><strong>mulierem</strong></span> <span class='ocrx_word' id='word_1_695' title='bbox 1130 4533 1210 4583; x_wconf 89' lang='lat' dir='ltr'><strong>vendi.</strong></span> <span class='ocrx_word' id='word_1_696' title='bbox 1245 4531 1353 4584; x_wconf 87' lang='lat' dir='ltr'><strong>inveniet</strong></span> <span class='ocrx_word' id='word_1_697' title='bbox 1364 4535 1428 4583; x_wconf 89' lang='lat' dir='ltr'><strong>enim</strong></span> <span class='ocrx_word' id='word_1_698' title='bbox 1440 4534 1543 4596; x_wconf 87' lang='lat' dir='ltr'><strong>pretium</strong></span> <span class='ocrx_word' id='word_1_699' title='bbox 1558 4533 1590 4582; x_wconf 90' lang='lat' dir='ltr'><strong>ob</strong></span> <span class='ocrx_word' id='word_1_700' title='bbox 1600 4534 1713 4581; x_wconf 87' lang='lat' dir='ltr'><strong>turmam.</strong></span> 
     </span>
     <span class='ocr_line' id='line_1_90' title="bbox 90 4616 1712 4700; baseline -0.001 -28"><span class='ocrx_word' id='word_1_701' title='bbox 90 4636 176 4674; x_wconf 83' lang='grc' dir='ltr'>υνον·</span> <span class='ocrx_word' id='word_1_702' title='bbox 215 4619 304 4694; x_wconf 79' lang='grc' dir='ltr'><strong>θμέν</strong></span> <span class='ocrx_word' id='word_1_703' title='bbox 327 4616 378 4700; x_wconf 87' lang='grc' dir='ltr'>γάρ</span> <span class='ocrx_word' id='word_1_704' title='bbox 400 4619 497 4699; x_wconf 82' lang='grc' dir='ltr'>χρυσὸς</span> <span class='ocrx_word' id='word_1_705' title='bbox 516 4621 564 4677; x_wconf 83' lang='grc' dir='ltr'><strong>οὐκ</strong></span> <span class='ocrx_word' id='word_1_706' title='bbox 590 4618 647 4699; x_wconf 83' lang='grc' dir='ltr'>ἔχει</span> <span class='ocrx_word' id='word_1_707' title='bbox 669 4617 767 4699; x_wconf 78' lang='grc' dir='ltr'>φωνήν,</span> <span class='ocrx_word' id='word_1_708' title='bbox 792 4619 877 4677; x_wconf 80' lang='grc' dir='ltr'>οὔδ’ό</span> <span class='ocrx_word' id='word_1_709' title='bbox 926 4624 966 4673; x_wconf 89' lang='lat' dir='ltr'><strong>Sic</strong></span> <span class='ocrx_word' id='word_1_710' title='bbox 988 4624 1069 4673; x_wconf 87' lang='lat' dir='ltr'><strong>dicet:</strong></span> <span class='ocrx_word' id='word_1_711' title='bbox 1084 4623 1151 4686; x_wconf 88' lang='lat' dir='ltr'><strong>atqui</strong></span> <span class='ocrx_word' id='word_1_712' title='bbox 1169 4624 1242 4672; x_wconf 87' lang='lat' dir='ltr'><strong>etiam</strong></span> <span class='ocrx_word' id='word_1_713' title='bbox 1260 4623 1307 4671; x_wconf 83' lang='lat' dir='ltr'><strong>boe.</strong></span> <span class='ocrx_word' id='word_1_714' title='bbox 1325 4623 1432 4686; x_wconf 88' lang='lat' dir='ltr'><strong>periculo</strong></span> <span class='ocrx_word' id='word_1_715' title='bbox 1447 4635 1495 4671; x_wconf 93' lang='lat' dir='ltr'><strong>uon</strong></span> <span class='ocrx_word' id='word_1_716' title='bbox 1513 4625 1587 4671; x_wconf 89' lang='lat' dir='ltr'><strong>caret.</strong></span> <span class='ocrx_word' id='word_1_717' title='bbox 1621 4626 1712 4670; x_wconf 79' lang='lat' dir='ltr'><strong>Aurum</strong></span> 
     </span>
     <span class='ocr_line' id='line_1_91' title="bbox 93 4705 1715 4789; baseline -0.004 -25"><span class='ocrx_word' id='word_1_718' title='bbox 93 4726 197 4784; x_wconf 84' lang='grc' dir='ltr'>ργυρος</span> <span class='ocrx_word' id='word_1_719' title='bbox 218 4706 288 4786; x_wconf 73' lang='grc' dir='ltr'>ἀρεῖ,</span> <span class='ocrx_word' id='word_1_720' title='bbox 313 4706 392 4766; x_wconf 90' lang='grc' dir='ltr'>πόθεν</span> <span class='ocrx_word' id='word_1_721' title='bbox 416 4706 495 4767; x_wconf 79' lang='grc' dir='ltr'>αὐτὸν</span> <span class='ocrx_word' id='word_1_722' title='bbox 512 4706 673 4789; x_wconf 72' lang='grc' dir='ltr'>εἰλήφαμεν·</span> <span class='ocrx_word' id='word_1_723' title='bbox 713 4706 810 4774; x_wconf 78' lang='grc' dir='ltr'>ἔξεστιν</span> <span class='ocrx_word' id='word_1_724' title='bbox 834 4705 878 4765; x_wconf 75' lang='grc' dir='ltr'><strong>ἐπὶ</strong></span> <span class='ocrx_word' id='word_1_725' title='bbox 924 4713 1022 4775; x_wconf 87' lang='lat' dir='ltr'><strong>quidem</strong></span> <span class='ocrx_word' id='word_1_726' title='bbox 1042 4717 1139 4761; x_wconf 89' lang='lat' dir='ltr'><strong>mulum</strong></span> <span class='ocrx_word' id='word_1_727' title='bbox 1152 4714 1203 4773; x_wconf 89' lang='lat' dir='ltr'><strong>est,</strong></span> <span class='ocrx_word' id='word_1_728' title='bbox 1224 4725 1303 4773; x_wconf 86' lang='lat' dir='ltr'><strong>neque</strong></span> <span class='ocrx_word' id='word_1_729' title='bbox 1323 4713 1447 4774; x_wconf 84' lang='lat' dir='ltr'><strong>argentum</strong></span> <span class='ocrx_word' id='word_1_730' title='bbox 1468 4709 1591 4772; x_wconf 85' lang='lat' dir='ltr'><strong>crepabit,</strong></span> <span class='ocrx_word' id='word_1_731' title='bbox 1604 4709 1669 4757; x_wconf 90' lang='lat' dir='ltr'><strong>uude</strong></span> <span class='ocrx_word' id='word_1_732' title='bbox 1690 4721 1715 4758; x_wconf 85' lang='lat' dir='ltr'><strong>ev</strong></span> 
     </span>
     <span class='ocr_line' id='line_1_92' title="bbox 90 4791 1714 4875; baseline -0.002 -25"><span class='ocrx_word' id='word_1_733' title='bbox 90 4791 187 4859; x_wconf 73' lang='grc' dir='ltr'>ούτοις</span> <span class='ocrx_word' id='word_1_734' title='bbox 209 4793 364 4854; x_wconf 88' lang='grc' dir='ltr'>πλάσασθαι</span> <span class='ocrx_word' id='word_1_735' title='bbox 385 4797 431 4855; x_wconf 87' lang='grc' dir='ltr'><strong>καλ</strong></span> <span class='ocrx_word' id='word_1_736' title='bbox 456 4795 585 4874; x_wconf 86' lang='grc' dir='ltr'>διήγημα.</span> <span class='ocrx_word' id='word_1_737' title='bbox 633 4794 746 4875; x_wconf 84' lang='grc' dir='ltr'>Φορτίον</span> <span class='ocrx_word' id='word_1_738' title='bbox 770 4796 792 4854; x_wconf 90' lang='grc' dir='ltr'><strong>δ’</strong></span> <span class='ocrx_word' id='word_1_739' title='bbox 816 4794 877 4875; x_wconf 75' lang='grc' dir='ltr'>ἔχον</span> <span class='ocrx_word' id='word_1_740' title='bbox 923 4800 966 4862; x_wconf 90' lang='lat' dir='ltr'><strong>qui</strong></span> <span class='ocrx_word' id='word_1_741' title='bbox 977 4800 1008 4849; x_wconf 90' lang='lat' dir='ltr'><strong>ad</strong></span> <span class='ocrx_word' id='word_1_742' title='bbox 1019 4813 1063 4850; x_wconf 90' lang='lat' dir='ltr'><strong>nos</strong></span> <span class='ocrx_word' id='word_1_743' title='bbox 1075 4799 1208 4851; x_wconf 89' lang='lat' dir='ltr'><strong>devenerit.</strong></span> <span class='ocrx_word' id='word_1_744' title='bbox 1242 4800 1481 4850; x_wconf 79' lang='lat' dir='ltr'><strong>bloetlranciurem</strong></span> <span class='ocrx_word' id='word_1_745' title='bbox 1494 4797 1603 4847; x_wconf 87' lang='lat' dir='ltr'><strong>tabulam</strong></span> <span class='ocrx_word' id='word_1_746' title='bbox 1623 4797 1714 4847; x_wconf 82' lang='lat' dir='ltr'><strong>contin</strong></span> 
     </span>
    </p>
   </div>
   <div class='ocr_carea' id='block_1_10' title="bbox 90 4872 1713 5052">
    <p class='ocr_par' dir='ltr' id='par_1_12' title="bbox 90 4872 1713 5052">
     <span class='ocr_line' id='line_1_93' title="bbox 90 4872 1713 4965; baseline -0.001 -26"><span class='ocrx_word' id='word_1_747' title='bbox 90 4878 235 4957; x_wconf 69' lang='grc' dir='ltr'>φθσλμούς</span> <span class='ocrx_word' id='word_1_748' title='bbox 245 4905 274 4941; x_wconf 88' lang='grc' dir='ltr'><strong>τε</strong></span> <span class='ocrx_word' id='word_1_749' title='bbox 285 4883 331 4941; x_wconf 83' lang='grc' dir='ltr'>καὶ</span> <span class='ocrx_word' id='word_1_750' title='bbox 344 4872 400 4942; x_wconf 73' lang='grc' dir='ltr'>ὦτα</span> <span class='ocrx_word' id='word_1_751' title='bbox 414 4882 459 4942; x_wconf 85' lang='grc' dir='ltr'><strong>καλ</strong></span> <span class='ocrx_word' id='word_1_752' title='bbox 476 4885 600 4960; x_wconf 85' lang='grc' dir='ltr'>γλῶσσαν</span> <span class='ocrx_word' id='word_1_753' title='bbox 614 4885 653 4952; x_wconf 86' lang='grc' dir='ltr'>τίς</span> <span class='ocrx_word' id='word_1_754' title='bbox 673 4883 704 4943; x_wconf 78' lang='grc' dir='ltr'><strong>όν</strong></span> <span class='ocrx_word' id='word_1_755' title='bbox 726 4882 878 4965; x_wconf 75' lang='grc' dir='ltr'>ἀποκρύψαι</span> <span class='ocrx_word' id='word_1_756' title='bbox 925 4900 988 4951; x_wconf 82' lang='lat' dir='ltr'><strong>gere.</strong></span> <span class='ocrx_word' id='word_1_757' title='bbox 1023 4891 1054 4940; x_wconf 81' lang='lat' dir='ltr'><strong>At</strong></span> <span class='ocrx_word' id='word_1_758' title='bbox 1067 4889 1200 4950; x_wconf 82' lang='lat' dir='ltr'><strong>sarcinam,</strong></span> <span class='ocrx_word' id='word_1_759' title='bbox 1213 4890 1238 4938; x_wconf 89' lang='lat' dir='ltr'><strong>et</strong></span> <span class='ocrx_word' id='word_1_760' title='bbox 1249 4888 1326 4938; x_wconf 89' lang='lat' dir='ltr'><strong>oculis</strong></span> <span class='ocrx_word' id='word_1_761' title='bbox 1339 4890 1364 4937; x_wconf 88' lang='lat' dir='ltr'><strong>et</strong></span> <span class='ocrx_word' id='word_1_762' title='bbox 1375 4886 1474 4936; x_wconf 89' lang='lat' dir='ltr'><strong>auribus</strong></span> <span class='ocrx_word' id='word_1_763' title='bbox 1482 4888 1507 4935; x_wconf 91' lang='lat' dir='ltr'><strong>et</strong></span> <span class='ocrx_word' id='word_1_764' title='bbox 1516 4887 1596 4948; x_wconf 79' lang='lat' dir='ltr'><strong>lingua</strong></span> <span class='ocrx_word' id='word_1_765' title='bbox 1609 4887 1713 4937; x_wconf 89' lang='lat' dir='ltr'><strong>instruc-</strong></span> 
     </span>
     <span class='ocr_line' id='line_1_94' title="bbox 90 4964 1713 5052; baseline 0 -28"><span class='ocrx_word' id='word_1_766' title='bbox 90 4964 205 5042; x_wconf 71' lang='grc' dir='ltr'>ῑῦναιτος</span> <span class='ocrx_word' id='word_1_767' title='bbox 217 4968 264 5028; x_wconf 89' lang='grc' dir='ltr'><strong>καλ</strong></span> <span class='ocrx_word' id='word_1_768' title='bbox 278 4969 329 5051; x_wconf 87' lang='grc' dir='ltr'>γάρ</span> <span class='ocrx_word' id='word_1_769' title='bbox 343 4972 401 5031; x_wconf 81' lang='grc' dir='ltr'>οὐδὲ</span> <span class='ocrx_word' id='word_1_770' title='bbox 417 4971 577 5052; x_wconf 84' lang='grc' dir='ltr'>ἀνθρώπινον</span> <span class='ocrx_word' id='word_1_771' title='bbox 596 4974 626 5032; x_wconf 84' lang='grc' dir='ltr'><strong>τό</strong></span> <span class='ocrx_word' id='word_1_772' title='bbox 644 4973 757 5044; x_wconf 89' lang='grc' dir='ltr'>κάλλος,</span> <span class='ocrx_word' id='word_1_773' title='bbox 773 4969 817 5029; x_wconf 78' lang='grc' dir='ltr'>ἵνα</span> <span class='ocrx_word' id='word_1_774' title='bbox 830 4972 879 5031; x_wconf 85' lang='grc' dir='ltr'>λά·</span> <span class='ocrx_word' id='word_1_775' title='bbox 925 4979 989 5037; x_wconf 89' lang='lat' dir='ltr'><strong>tam,</strong></span> <span class='ocrx_word' id='word_1_776' title='bbox 1003 4977 1057 5039; x_wconf 87' lang='lat' dir='ltr'><strong>quis</strong></span> <span class='ocrx_word' id='word_1_777' title='bbox 1073 4977 1160 5026; x_wconf 86' lang='lat' dir='ltr'><strong>amabo</strong></span> <span class='ocrx_word' id='word_1_778' title='bbox 1171 4977 1318 5027; x_wconf 66' lang='grc' dir='ltr'>σθσοοιιάσιὲ</span> <span class='ocrx_word' id='word_1_779' title='bbox 1329 4989 1409 5039; x_wconf 89' lang='lat' dir='ltr'><strong>neque</strong></span> <span class='ocrx_word' id='word_1_780' title='bbox 1420 4975 1485 5025; x_wconf 88' lang='lat' dir='ltr'><strong>enim</strong></span> <span class='ocrx_word' id='word_1_781' title='bbox 1499 4975 1605 5024; x_wconf 84' lang='lat' dir='ltr'><strong>liumana</strong></span> <span class='ocrx_word' id='word_1_782' title='bbox 1616 4980 1653 5025; x_wconf 88' lang='lat' dir='ltr'><strong>est</strong></span> <span class='ocrx_word' id='word_1_783' title='bbox 1663 4977 1713 5025; x_wconf 90' lang='lat' dir='ltr'><strong>lor·</strong></span> 
     </span>
    </p>
   </div>
   <div class='ocr_carea' id='block_1_11' title="bbox 90 5055 1714 5230">
    <p class='ocr_par' dir='ltr' id='par_1_13' title="bbox 90 5055 1714 5230">
     <span class='ocr_line' id='line_1_95' title="bbox 90 5055 1714 5142; baseline -0.002 -26"><span class='ocrx_word' id='word_1_784' title='bbox 90 5055 186 5132; x_wconf 67' lang='lat' dir='ltr'><strong>*tapsus</strong></span> <span class='ocrx_word' id='word_1_785' title='bbox 198 5056 242 5117; x_wconf 87' lang='grc' dir='ltr'><strong>ότι</strong></span> <span class='ocrx_word' id='word_1_786' title='bbox 259 5061 354 5132; x_wconf 88' lang='grc' dir='ltr'>δούλην</span> <span class='ocrx_word' id='word_1_787' title='bbox 367 5062 476 5140; x_wconf 77' lang='grc' dir='ltr'>ἐροῦμεν</span> <span class='ocrx_word' id='word_1_788' title='bbox 488 5061 525 5128; x_wconf 87' lang='grc' dir='ltr'>τίς</span> <span class='ocrx_word' id='word_1_789' title='bbox 540 5061 622 5134; x_wconf 81' lang='grc' dir='ltr'>αὐτήν</span> <span class='ocrx_word' id='word_1_790' title='bbox 639 5061 701 5120; x_wconf 83' lang='grc' dir='ltr'>ἰδὼν</span> <span class='ocrx_word' id='word_1_791' title='bbox 715 5059 800 5142; x_wconf 82' lang='grc' dir='ltr'>τούτῳ</span> <span class='ocrx_word' id='word_1_792' title='bbox 812 5056 877 5118; x_wconf 72' lang='lat' dir='ltr'><strong>ario-</strong></span> <span class='ocrx_word' id='word_1_793' title='bbox 924 5078 978 5127; x_wconf 87' lang='lat' dir='ltr'><strong>ma,</strong></span> <span class='ocrx_word' id='word_1_794' title='bbox 995 5068 1021 5115; x_wconf 92' lang='lat' dir='ltr'><strong>ut</strong></span> <span class='ocrx_word' id='word_1_795' title='bbox 1035 5066 1103 5129; x_wconf 87' lang='lat' dir='ltr'><strong>quasi</strong></span> <span class='ocrx_word' id='word_1_796' title='bbox 1117 5079 1211 5116; x_wconf 86' lang='lat' dir='ltr'><strong>servam</strong></span> <span class='ocrx_word' id='word_1_797' title='bbox 1221 5064 1372 5115; x_wconf 77' lang='lat' dir='ltr'><strong>venditantes</strong></span> <span class='ocrx_word' id='word_1_798' title='bbox 1383 5076 1500 5128; x_wconf 83' lang='lat' dir='ltr'><strong>queamus</strong></span> <span class='ocrx_word' id='word_1_799' title='bbox 1512 5063 1608 5125; x_wconf 78' lang='lat' dir='ltr'><strong>tallere3</strong></span> <span class='ocrx_word' id='word_1_800' title='bbox 1620 5064 1674 5127; x_wconf 86' lang='lat' dir='ltr'><strong>quis</strong></span> <span class='ocrx_word' id='word_1_801' title='bbox 1689 5065 1714 5113; x_wconf 88' lang='lat' dir='ltr'><strong>id</strong></span> 
     </span>
     <span class='ocr_line' id='line_1_96' title="bbox 90 5142 1714 5230; baseline -0.002 -24"><span class='ocrx_word' id='word_1_802' title='bbox 90 5143 188 5225; x_wconf 56' lang='lat' dir='ltr'><strong>iidem</strong></span> <span class='ocrx_word' id='word_1_803' title='bbox 203 5150 370 5228; x_wconf 87' lang='grc' dir='ltr'>φονεύσωμεν</span> <span class='ocrx_word' id='word_1_804' title='bbox 389 5142 433 5209; x_wconf 73' lang='lat' dir='ltr'><strong>ab</strong></span> <span class='ocrx_word' id='word_1_805' title='bbox 449 5150 531 5222; x_wconf 77' lang='grc' dir='ltr'>αὐτὴν</span> <span class='ocrx_word' id='word_1_806' title='bbox 546 5151 652 5225; x_wconf 76' lang='grc' dir='ltr'>ἐνθάδε,</span> <span class='ocrx_word' id='word_1_807' title='bbox 664 5149 710 5211; x_wconf 89' lang='grc' dir='ltr'><strong>καλ</strong></span> <span class='ocrx_word' id='word_1_808' title='bbox 725 5149 762 5228; x_wconf 83' lang='grc' dir='ltr'><strong>μὴ</strong></span> <span class='ocrx_word' id='word_1_809' title='bbox 784 5148 877 5230; x_wconf 83' lang='grc' dir='ltr'>περιά-</span> <span class='ocrx_word' id='word_1_810' title='bbox 922 5154 1006 5206; x_wconf 83' lang='lat' dir='ltr'><strong>oredat</strong></span> <span class='ocrx_word' id='word_1_811' title='bbox 1021 5155 1217 5217; x_wconf 81' lang='lat' dir='ltr'><strong>spectatoribus</strong></span> <span class='ocrx_word' id='word_1_812' title='bbox 1232 5166 1288 5216; x_wconf 81' lang='lat' dir='ltr'><strong>ergo</strong></span> <span class='ocrx_word' id='word_1_813' title='bbox 1301 5154 1353 5217; x_wconf 87' lang='lat' dir='ltr'><strong>ipso</strong></span> <span class='ocrx_word' id='word_1_814' title='bbox 1364 5153 1389 5204; x_wconf 90' lang='lat' dir='ltr'><strong>in</strong></span> <span class='ocrx_word' id='word_1_815' title='bbox 1404 5153 1459 5204; x_wconf 90' lang='lat' dir='ltr'><strong>loco</strong></span> <span class='ocrx_word' id='word_1_816' title='bbox 1474 5153 1656 5214; x_wconf 76' lang='lat' dir='ltr'><strong>confodiamus,</strong></span> <span class='ocrx_word' id='word_1_817' title='bbox 1670 5163 1714 5203; x_wconf 89' lang='lat' dir='ltr'><strong>nc·</strong></span> 
     </span>
    </p>
   </div>
   <div class='ocr_carea' id='block_1_12' title="bbox 0 0 1868 5692">
    <p class='ocr_par' dir='ltr' id='par_1_14' title="bbox 0 0 1868 5692">
     <span class='ocr_line' id='line_1_97' title="bbox 0 0 1868 5692; baseline 0 0"><span class='ocrx_word' id='word_1_818' title='bbox 0 0 1868 5692; x_wconf 95' lang='lat' dir='ltr'><strong> </strong></span> 
     </span>
    </p>
   </div>
  </div>
 </body>
</html>
