3726 5692
849 351 1024 442 creseus.

149 494 179 572 μί,
197 485 249 566 οῦχί
260 487 399 562 πανταχοῦ
415 484 562 559 δυστυχεῖν.
607 480 670 540 Οὐδ’
689 481 731 539 ἐπί
743 484 790 550 τῆς
804 481 914 560 ίρημίας

149 575 297 654 ἀντιόγλητον
310 560 380 649 εἶχεν
392 573 409 639 θ
424 568 571 648 Χαρίκλεια
585 568 615 626 τὸ
627 569 736 640 κάλλος,
750 569 808 627 ἀλλ’
825 572 838 625 ὁ
850 567 910 628 Τύ-

152 691 192 748 ριος
201 642 287 727 ἐκεῖνος
300 658 415 738 ἔμπορος
433 662 447 717 ὁ
463 648 667 736 Πυθιονίκης,ᾧ
682 655 912 733 συνεπλεύσαμεν,

151 756 193 815 ἰδία
212 775 251 829 μοι
270 746 406 828 προσιὼν,
433 746 547 826 ἠνώχλει
571 744 697 812 πολλάκις
720 745 764 803 καί
790 745 914 804 ἀπέκναιε

132 816 245 918 ολιιίαρῶν
258 837 304 895 καί
318 837 354 901 εἷς
367 833 451 911 γάμον
465 838 500 900 ῶς
518 834 549 892 διν
572 833 646 911 παρδι
658 833 755 913 πατρὸς
770 835 849 891 αίτῶν
867 833 914 904 τὴν

153 929 302 1008 Χαρίκλειαν,
327 921 415 981 πολλὰ
440 922 572 998 σεμνύνων
598 922 675 979 αὸτδν
699 921 744 980 καί
767 926 843 980 τοῦτο
867 921 914 997 μὲν

153 1016 207 1092 pilo<
222 1010 317 1080 ἔνδοξον
331 1011 502 1089 καταλέγων,
515 1009 632 1069 τοῦτοδὲ
646 1010 689 1068 τόν
703 1009 820 1092 παρόντα
834 1011 916 1068 πλοῦ-

153 1128 184 1164 τον
202 1099 451 1181 καταριθμούμενος,
467 1097 515 1170 τήν
537 1097 558 1157 θ’
585 1098 685 1157 ὁλκάδα
706 1103 741 1163 ὡς
755 1098 819 1157 ίδιον
834 1100 913 1156 αὑτοῦ

153 1196 222 1268 ιιῆμα
232 1189 354 1267 τυγχάνοι
372 1186 417 1247 καί
431 1191 467 1254 ὡς
483 1193 528 1247 τοῦ
543 1188 660 1254 πλείονος
673 1187 768 1267 φόρτου
780 1190 832 1245 τῶν
845 1189 914 1265 σἰγω·

124 1280 217 1358 suppra
234 1275 366 1350 δισπόζοι,
379 1281 480 1356 χρυσοῦ
495 1279 518 1334 τ’
531 1276 611 1335 ὄντοιν
633 1274 679 1335 καί
698 1275 777 1333 λίθων
795 1276 913 1333 πολυτα-

153 1367 232 1427 λάντων
240 1367 283 1426 καί
296 1369 410 1448 σηρικῆς
423 1368 538 1436 ἐσθῆτος.
580 1368 638 1425 Οὐκ
653 1365 740 1442 ὀλίγον
757 1366 779 1423 δ’
792 1366 827 1429 είς
843 1365 914 1422 εὗδο-

154 1452 194 1524 ξίας
202 1454 346 1537 προσθήκην
358 1453 405 1513 καὶ
426 1452 473 1525 τὴν
489 1453 647 1525 Πυθιονίκην
667 1452 817 1530 ὠνόμαζεν,
840 1449 914 1532 ἕτερά

153 1535 203 1602 τἰιῦ
214 1543 292 1603 πολλὸ
307 1542 372 1621 πρὸς
382 1541 491 1608 τούτοις.
535 1541 621 1616 ’lipsa
636 1539 664 1599 δὲ
676 1541 724 1612 τήν
740 1564 768 1598 τε
778 1544 914 1620 παροῦσαν

153 1631 224 1692 τιιίαν
235 1629 449 1715 προόαλλομίνου
460 1628 503 1690 καί
514 1632 549 1697 ῶς
559 1632 606 1688 ούκ
618 1629 649 1686 άν
657 1652 720 1687 ποτε
732 1631 823 1709 χώραν
832 1628 914 1702 άλλην

122 1722 384 1788 cameracensem<
403 1721 417 1780 ὁ
444 1729 565 1780 τοσοῦτον
587 1716 745 1800 κεχώρισται
759 1722 806 1791 τῆς
823 1719 914 1797 Λίγυ-

152 1809 228 1882 ττίων,
246 1812 364 1870 ἐκδοῦναι
376 1810 406 1868 τὸ
425 1809 564 1888 θυγάτριον
579 1807 769 1887 αἱρησομένου,
786 1806 915 1868 Πέπαυσο

152 1895 336 1976 ιιίτων,ίλεγεν
348 1888 387 1971 ,ῶ
399 1898 497 1977 πάτερ,
510 1895 557 1967 τὴν
571 1898 618 1972 μὲν
630 1897 682 1976 γδιρ
695 1898 791 1970 προῖκα
806 1895 914 1975 ιἰπίχειν

152 1985 260 2064 ἡγήσομαι
280 1987 326 2046 καί
345 1986 432 2045 πολλὸ
454 1985 575 2044 τάλαντα
593 1984 637 2042 καὶ
661 1986 773 2043 πλοῦτον
792 1981 852 2042 ὁλον
866 1983 914 2054 τὴν

153 2074 228 2150 κόρην,
241 2075 306 2142 ίθνσς
316 2073 344 2133 δὲ
357 2075 402 2133 καί
417 2073 533 2151 πατρίδα
546 2073 594 2143 τὴν
610 2072 737 2151 ὑμετέραν
754 2070 911 2149 ὁλλάίομαι,

123 2163 187 2231 »τῆς
197 2159 237 2236 μίν
251 2162 292 2223 tert
317 2161 515 2243 Καρχηδονίους
537 2165 619 2238 ὁρμῆς
643 2159 796 2240 ἐκτραπείς,
810 2164 872 2238 ὑμῖν
886 2159 914 2218 δὲ

154 2244 271 2322 σύμπλους,
286 2241 316 2308 ού
331 2248 363 2319 δὴ
377 2249 422 2307 καί
437 2249 577 2325 βούλεσθε,
590 2248 733 2327 γενόμενος.

182 2336 218 2398 ll'.
238 2336 320 2418 Ὁρῶν
343 2336 374 2410 δὴ
399 2338 443 2395 τόν
469 2337 584 2396 Φοίνικα
607 2337 644 2413 μὴ
670 2337 774 2395 ἀνιέντα
794 2339 853 2397 ἀλλ’
879 2340 914 2403 είς

154 2423 273 2502 θτιρὸολήν
294 2450 322 2485 τε
350 2426 414 2503 πρὸς
440 2427 470 2483 τὸ
498 2424 620 2504 βούλημα
644 2426 844 2506 θερμαινόμενον
868 2427 914 2486 καί

154 2509 233 2590 diripui
242 2514 364 2592 ούδεμίαν
379 2519 423 2572 τοῦ
436 2514 548 2593 διοχλεῖν
562 2537 607 2590 μοι
617 2515 676 2594 περὶ
686 2518 738 2573 τῶν
750 2517 835 2573 αὐτῶν
848 2517 915 2574 ἄπο·

127 2597 295 2679 surriperes,
310 2603 391 2681 ἔγνων
408 2603 438 2661 τὸ
453 2602 538 2681 παρόν
553 2602 709 2682 ὑπερθέσθαι
725 2607 853 2683 χρησταῖς
867 2604 913 2661 ἐπ-

106 2750 109 2769 ,
156 2691 273 2766 Ιηελίαις,
285 2691 324 2769 μὴ
346 2692 392 2750 καί
409 2691 492 2771 βίαιόν
508 2715 532 2749 τι
548 2691 616 2749 κατὸ
632 2690 680 2762 τὴν
692 2695 770 2762 νῆσον
786 2691 913 2750 ὑποσταί-

155 2797 203 2850 iper
219 2781 258 2839 καί
280 2780 387 2839 ἅπαντα
413 2779 531 2851 ποιήσειν
558 2779 639 2838 ἐλθὼν
660 2783 696 2844 εἷς
717 2779 764 2849 τὴν
781 2779 913 2858 Αἴγυπτον

106 2878 111 2921 ῐ
157 2862 339 2947 ίηγγιλλόμην.
384 2867 466 2928 θύται
479 2869 507 2926 δέ
522 2891 572 2945 μου
587 2873 676 2926 τοῦτον
694 2870 736 2925 ἐπ’
749 2866 834 2945 ὀλίγον
848 2871 913 2926 ἀπο-

106 2976 113 3035 ρ
156 2958 342 3036 σιωασαμίνου,
358 2961 446 3032 κῦμα,
460 2955 554 3037 φασὶν,
568 2955 610 3012 ἐπὶ
623 2955 721 3031 κύματι
735 2955 914 3033 προσέύαλλεν

106 3060 110 3129 2'
126 3038 167 3094 Ιὸ
177 3038 266 3121 δαίμων.
309 3046 344 3106 ‘0
359 3045 410 3125 γάρ
422 3068 462 3103 τοι
477 3043 613 3123 Τυρρηνὸς
634 3046 664 3102 οῦ
678 3045 789 3109 πολλαῖς
808 3042 913 3124 ὕστερον
935 3119 938 3133 Ι

156 3126 239 3207 δμίραις
251 3137 285 3199 εἰς
297 3133 356 3193 τινά
373 3157 406 3210 με
422 3130 677 3211 παρηγκωνισμίνην
691 3130 775 3202 ἀκτὴν
791 3133 913 3211 παραλα·

156 3208 207 3295 ίίθ,
220 3213 253 3281 Ὦ
268 3221 415 3301 Καλάσιρι,
436 3220 484 3301 ἔφη
497 3265 505 3297 ,
520 3221 563 3278 τὀν
583 3221 703 3280 Ποσειδῶ
718 3242 758 3278 σοι
772 3219 816 3278 τόν
831 3220 914 3278 πελά-

155 3309 326 3387 Τθνίπόμνυμι
340 3310 386 3367 καί
406 3307 466 3374 τοὺς
482 3308 577 3376 ἄλλους
591 3309 708 3376 ἐναλίους
732 3299 848 3382 decipi
863 3308 914 3385 μὴν

155 3387 211 3448 «iris
222 3416 248 3452 σε
261 3399 296 3461 ὡς
311 3395 435 3478 ιἰδελρδν,
449 3397 545 3462 παῖδας
557 3396 584 3455 δὲ
596 3395 655 3463 τοὺς
669 3397 727 3462 τοῦς
736 3395 782 3454 tea
796 3395 842 3454 καί
857 3421 915 3454 παι·

126 3488 147 3529 ⁸
155 3472 184 3533 rh
192 3481 243 3557 iper
258 3485 311 3551 τοῖς
323 3486 404 3561 ἐμοῖς.
445 3480 525 3545 Ἥκω
535 3484 568 3555 δή
584 3507 624 3543 σοι
635 3485 741 3565 φράσων
752 3483 916 3565 ἐγειρόμενόν

156 3577 293 3648 sauppe,
310 3573 417 3653 ἀνιαρὸν
442 3573 506 3649 μὲν,
519 3575 578 3631 ἀλλ’
598 3572 655 3649 ίμοί
666 3596 695 3650 γε
707 3576 842 3644 σιωπῆσαι
853 3573 914 3630 ἀθί-

156 3670 220 3729 perae,
233 3660 318 3727 ἑστίας
337 3664 403 3737 ἡμῖν
425 3665 471 3731 τῆς
494 3662 575 3731 αὐτῆς
594 3661 811 3733 κεκοινωνηκότι,
834 3660 875 3719 σοί
887 3684 914 3718 τε

1690 364 1746 411 309

963 488 1053 548 felices,
1075 502 1122 537 nen
1141 502 1234 551 semper
1250 489 1350 537 aduersa
1373 490 1469 538 tertona
1490 489 1633 539 laborarent.
1667 493 1749 553 Neque

962 574 986 622 in
997 574 1127 624 solitudine
1141 575 1255 625 molestiis
1273 577 1352 625 caruit
1366 576 1442 624 torma
1452 576 1597 634 chariclea,
1607 576 1648 625 sed
1664 580 1750 639 Tyrius

962 658 1001 706 ille
1020 660 1148 721 mercator,
1162 661 1241 708 victor
1253 660 1277 708 in
1289 659 1380 722 Pythiis
1395 660 1559 720 renuntiatus,
1570 674 1674 722 quocum
1684 664 1749 712 uari·

961 752 1116 802 gereremus,
1130 742 1229 791 seorsim
1247 755 1286 791 me
1300 743 1444 792 couveniens
1460 744 1548 804 saepius
1558 744 1616 792 mitri
1636 746 1751 796 molestus

962 832 1028 888 erat,
1039 827 1175 877 obtundens
1186 841 1225 877 me
1239 828 1365 891 precibus,
1376 833 1400 878 et
1410 830 1434 878 in
1444 830 1625 879 matrimonium
1639 832 1683 879 sibi
1698 831 1749 879 dari

962 916 1079 976 tauquam
1093 925 1108 958 a
1122 913 1190 974 patre
1201 910 1351 960 Charicleam
1368 915 1465 973 petens,
1481 913 1557 962 mulla
1573 913 1603 962 de
1617 928 1642 963 se
1661 915 1749 976 praedi·

962 1011 1020 1046 cens
1034 998 1058 1045 et
1072 995 1159 1058 parum
1171 1007 1246 1056 genus
1258 995 1352 1044 illustre
1366 1009 1507 1057 exponens,
1519 998 1606 1059 partim
1622 1003 1751 1060 praesentes

962 1097 1019 1147 opes
1029 1094 1175 1133 enumerans
1188 1084 1213 1131 et
1232 1080 1359 1130 lrelcadem
1375 1081 1439 1143 quod
1450 1082 1514 1131 illius
1524 1083 1618 1145 propria
1635 1086 1751 1147 possessio

962 1166 1291 1229 esset‚quodqueme10rem
1306 1167 1398 1229 partem
1420 1167 1538 1215 mercium
1559 1169 1625 1229 auri,
1644 1169 1750 1232 lepidum

962 1253 1044 1302 multis
1058 1249 1155 1301 talentis
1169 1249 1331 1299 coustantium
1352 1254 1378 1300 et
1391 1251 1460 1299 seriei
1479 1264 1529 1314 prae
1543 1253 1629 1301 ceteris
1645 1254 1750 1315 posside·

962 1339 1007 1387 ret.
1040 1338 1089 1385 Nee
1109 1347 1213 1397 parvum
1227 1339 1378 1383 momentum
1390 1333 1420 1382 ad
1442 1335 1604 1384 accessionem
1619 1337 1752 1399 splendoris

962 1426 986 1471 et
997 1422 1078 1484 gloriae
1092 1421 1165 1470 etiam
1178 1420 1304 1471 victoriam
1323 1420 1347 1469 in
1364 1420 1455 1482 Pythiis
1468 1424 1562 1483 partam
1574 1422 1714 1472 nominabat
1727 1426 1752 1473 et

962 1508 1008 1557 alie
1021 1509 1110 1570 praeter
1121 1508 1174 1556 hec
1184 1507 1268 1556 mulla.
1302 1510 1340 1556 hle
1355 1520 1412 1556 reru
1421 1510 1563 1570 presentem
1576 1507 1681 1570 inopiam
1692 1522 1752 1570 prrae-

962 1593 1076 1644 tendente
1097 1595 1121 1643 et
1139 1593 1178 1653 id,
1193 1593 1258 1655 qued
1279 1606 1404 1655 uunquam
1426 1593 1451 1641 in
1474 1594 1585 1643 animum
1607 1594 1752 1646 inducturus

962 1692 1051 1739 esem,
1066 1681 1093 1727 ut
1106 1679 1130 1727 in
1149 1678 1196 1727 alie
1213 1677 1309 1740 regione
1325 1681 1350 1727 ct
1366 1680 1436 1740 gente
1451 1679 1584 1739 habitanti,
1602 1694 1658 1742 qum
1680 1684 1749 1730 tento

962 1765 1087 1815 intervallo
1108 1764 1181 1813 distet
1200 1764 1231 1812 ab
1253 1766 1373 1826 AEgypto,
1389 1764 1486 1813 tiliolum
1509 1778 1588 1814 meam
1607 1767 1749 1816 elocarem:

962 1848 1067 1897 omittas
1087 1847 1150 1902 haec,
1166 1848 1243 1908 pater,
1255 1846 1359 1895 dicebat.
1393 1850 1480 1896 Dotem
1498 1847 1596 1910 quidem
1616 1862 1654 1898 me
1669 1849 1751 1898 tulisse

961 1927 1094 1980 multorum
1107 1930 1254 1980 talentorum
1267 1933 1291 1979 et
1303 1931 1471 1979 universarum
1484 1944 1574 1993 epum,
1585 1932 1660 1994 ipsam
1681 1934 1748 1995 puel-

962 2013 1009 2062 lam
1020 2013 1164 2075 arbitrabor,
1178 2016 1274 2077 gentem
1290 2025 1346 2062 vero
1356 2015 1381 2061 et
1395 2014 1496 2075 patriam
1509 2018 1614 2063 vestram
1628 2029 1684 2063 cnm
1698 2028 1750 2064 mea

962 2100 1116 2162 permutabo,
1128 2100 1278 2149 detlectensa
1291 2099 1411 2161 preposita
1427 2099 1578 2160 navigatione
1590 2112 1672 2148 versus
1688 2105 1748 2152 car-

961 2183 1096 2244 thaginem,
1113 2183 1182 2233 vobis
1196 2186 1277 2232 aulem
1294 2196 1332 2232 me
1344 2182 1456 2231 comitem
1468 2195 1517 2245 que
1528 2182 1653 2233 volueritis
1663 2184 1749 2246 adjun-

961 2280 1026 2328 gens.

992 2354 1045 2403 xx.
1059 2353 1122 2399 crim
1138 2351 1209 2412 igitur
1225 2349 1331 2399 riderem
1356 2349 1493 2398 Plrmnicem
1508 2363 1556 2399 nen
1575 2351 1697 2399 remittere
1709 2350 1749 2400 see

961 2441 985 2488 et
996 2438 1132 2489 vehementi
1144 2438 1224 2487 calore
1234 2439 1257 2486 ln
1274 2451 1302 2485 ea
1316 2436 1440 2486 voluntate
1450 2442 1474 2487 et
1490 2438 1612 2500 preposito
1622 2439 1746 2501 persistere

962 2535 986 2582 et
997 2532 1061 2582 diem
1074 2533 1168 2582 nullum
1182 2533 1241 2597 quin
1253 2531 1283 2581 de
1295 2531 1377 2581 iisdem
1395 2532 1454 2581 mihi
1467 2532 1584 2583 molestus
1596 2537 1658 2582 esset
1678 2535 1750 2583 iuter·

961 2628 1071 2687 mittere,
1087 2627 1160 2677 statui
1174 2628 1197 2676 in
1212 2627 1340 2690 prasentia
1356 2641 1406 2677 rem
1425 2627 1519 2677 blandis
1539 2628 1751 2690 pollicitationibus

961 2722 1074 2780 ditterre,
1088 2736 1118 2771 ne
1132 2722 1221 2784 aliquid
1234 2735 1276 2784 per
1289 2722 1338 2771 rim
1351 2722 1376 2771 in
1389 2723 1468 2772 insula
1480 2725 1617 2784 pateremur
1630 2727 1654 2773 et
1670 2725 1750 2773 omnia

961 2829 1000 2864 me
1018 2815 1139 2865 sactumm
1153 2829 1209 2864 cum
1227 2815 1346 2865 venissem
1361 2817 1385 2865 in
1399 2819 1528 2880 Egyptum
1544 2818 1680 2879 pollicebar.
1714 2823 1750 2868 lla

962 2921 1018 2957 cnm
1042 2910 1106 2957 laune
1131 2910 1266 2970 paullulum
1288 2911 1457 2971 removissem,
1479 2925 1562 2958 rursus
1587 2912 1701 2969 drictum,
1723 2914 1750 2958 ut

961 3007 1043 3062 aiunt,
1064 3017 1137 3065 supra
1158 3004 1259 3053 lluctnm
1280 3017 1369 3054 numen
1391 3004 1505 3054 advolvit.
1539 3007 1599 3053 llam
1612 3007 1750 3066 Tyrrhenus

962 3113 1010 3148 non
1024 3099 1108 3147 multis
1123 3098 1345 3160 postdiebus,cum
1355 3113 1394 3148 me
1408 3102 1433 3149 in
1448 3101 1506 3149 titus
1517 3100 1639 3161 quoddam
1655 3102 1749 3149 tlexuo-

962 3206 1016 3242 sum
1031 3194 1196 3243 essuursisset:
1213 3194 1359 3254 oculasiri,
1379 3195 1470 3255 iuquit,
1481 3208 1523 3255 per
1538 3197 1675 3256 Neptunum
1692 3196 1748 3256 juro

962 3289 986 3336 et
999 3286 1059 3336 alios
1075 3288 1181 3336 marinos
1195 3287 1267 3347 deos,
1279 3301 1318 3335 me
1330 3293 1354 3336 et
1369 3291 1393 3337 te
1401 3301 1449 3336 non
1457 3301 1527 3337 secus
1535 3301 1563 3336 ac
1575 3289 1593 3337 si
1607 3303 1674 3338 meus
1688 3303 1750 3340 essee

962 3381 1035 3430 trater
1046 3383 1071 3432 et
1085 3383 1140 3430 tuos
1152 3381 1240 3430 liberos
1254 3380 1352 3443 perinde
1368 3385 1440 3442 atque
1459 3396 1525 3430 meos
1546 3383 1607 3432 terre
1620 3384 1644 3431 iu
1663 3384 1747 3434 oculis,

962 3475 1078 3524 Dicturus
1088 3487 1142 3524 snm
1151 3479 1234 3525 eutem
1245 3475 1288 3524 tibi
1301 3475 1424 3537 negotium
1435 3476 1500 3538 quod
1510 3480 1594 3526 contra
1603 3481 1626 3525 te
1638 3478 1748 3536 struitur,

963 3571 1090 3620 molestum
1106 3569 1204 3632 quidem
1217 3573 1241 3618 et
1257 3570 1385 3631 acerbum,
1402 3574 1509 3620 ceterum
1524 3571 1589 3633 qued
1602 3575 1626 3620 et
1638 3586 1677 3620 me
1692 3572 1749 3621 reti·

963 3677 1016 3713 cere
1036 3665 1072 3713 sas
1090 3667 1203 3722 nonest,
1226 3677 1281 3712 curn
1297 3664 1367 3713 iidern
1394 3667 1465 3714 lares
1487 3666 1576 3715 luerint
1591 3666 1648 3714 mihi
1669 3671 1749 3716 lecum

155 3740 226 3811 θ’ἶίνσι
233 3749 336 3815 πάντως
349 3750 501 3825 ἀναγκαῖον.
544 3750 680 3826 Ναυλοχεῖ
692 3748 740 3818 τὴν
753 3748 853 3807 ὁλκάδα
867 3749 914 3818 τὴν
937 3756 940 3794 Ι
962 3771 1103 3808 communes
1115 3762 1140 3809 et
1156 3762 1197 3808 tua
1211 3760 1272 3819 scire
1284 3761 1381 3831 omnino
1391 3760 1499 3810 interest.
1534 3760 1680 3810 insidiantur
1696 3763 1747 3811 hol·

155 3824 273 3894 Φοίνισσαν
287 3838 440 3917 πειρατικόν
449 3836 619 3916 ἐργαστήριον
634 3835 703 3894 κατδ
717 3836 764 3907 τὴν
776 3836 916 3917 περιπτύσ·

963 3852 1016 3901 cedi
1029 3853 1157 3902 Phoeniciee
1175 3853 1274 3915 piretro,
1286 3854 1332 3903 sub
1349 3853 1424 3903 latere
1436 3854 1482 3903 hec
1496 3856 1687 3916 promontorium
1697 3870 1749 3904 am-

128 3924 227 3981 “m‘t
240 3926 318 3996 τῆσδῑ
330 3929 378 3998 τῆς
400 3924 482 4004 ἄκρας
495 3924 609 4003 πλευρὰν
624 3923 837 4001 ὖπθκαθθμῑνῦν,
852 3948 914 3983 ⁶³20·
937 3944 940 4001 l
964 3947 1082 4008 plectente
1100 3945 1265 3996 delitescentes
1283 3951 1307 3996 el
1323 3947 1515 4008 speculatoribus
1534 3962 1576 4011 per
1593 3949 1658 3998 vices
1672 3963 1749 4010 egres·

155 4008 343 4086 ωῑίίίίθῑὸαδί)ν
364 4013 408 4070 τὸν
423 4010 536 4071 ἔκπλουν
555 4017 601 4082 τῆς
620 4012 682 4079 νεὼ(
703 4011 914 4091 ίπῑῗηίούμῑνον·
937 4026 940 4115 J
964 4055 1017 4089 sum
1037 4043 1104 4090 nauis
1124 4042 1286 4091 observantes.
1320 4042 1482 4099 Quamobrem
1500 4056 1586 4092 caveas
1606 4046 1630 4093 et
1645 4045 1749 4105 cogites,

106 4146 108 4153 .
155 4082 256 4171 Ὄριδὴ
279 4089 340 4175 οῦν,
357 4098 529 4180 [φυλάττου]
551 4101 596 4157 καί
616 4100 718 4175 λογίζου
735 4101 759 4157 τί
780 4099 812 4157 ἂν
830 4104 915 4179 ποιῇς.

156 4623 303 4708 nabopala
314 4626 475 4707 γνωρίζομαι
489 4627 534 4686 καί
555 4628 618 4709 όψον
634 4631 720 4696 αὐτοῖς
732 4631 915 4709 προσκομίζων

154 4702 243 4786 δίόσνὴ
264 4715 339 4793 παρὰ
353 4719 405 4774 τῶν
420 4715 548 4774 ἄλλωντὸ
561 4718 666 4793 τίμημα
678 4718 830 4795 κομίζομαι.
904 4782 909 4797 ⁸

121 4796 273 4883 ”respue
287 4800 315 4862 δὲ
327 4802 437 4884 κύρτους
451 4804 636 4884 άναλεγομένῳ
648 4829 692 4881 μοι
705 4807 765 4888 περὶ
779 4805 839 4873 τοὺς
851 4829 915 4887 κρη

147 4884 211 4956 piel<
229 4889 343 4972 ἐντυχὼν
368 4895 382 4950 ὁ
404 4892 570 4973 λῄσταρχος,
592 4895 656 4952 Πότ’
677 4895 729 4973 ἄρα
752 4896 775 4952 et
796 4892 916 4961 Φοίνικες

145 4958 281 5053 ‘impulsus
296 4979 449 5057 με’λλουσιν,
460 4981 484 5039 εί
494 5004 524 5059 γε
532 4980 659 5057 πέπυσαι,
668 4981 794 5060 διηρώτα.
832 4982 915 5058 Κάγὼ

138 5063 214 5132 αθνιίς
226 5067 273 5139 τὴν
288 5068 394 5148 ίνίδραν
416 5075 462 5127 τοῦ
475 5069 661 5149 ἐρωτήματος,
676 5071 714 5130 Τὸ
728 5071 774 5147 μὲν
795 5069 914 5150 ἀκριόὲς,

136 5131 248 5228 (θηηῖι
267 5158 384 5238 Τραχῖνε
392 5201 400 5231 ,
413 5158 460 5215 οὐκ
472 5157 527 5238 ἔχω
541 5159 640 5237 λέγειν,
656 5161 692 5226 είς
712 5157 757 5241 ἔαρ
773 5158 800 5218 δὲ
812 5163 915 5240 πρῶτον

873 4656 940 4777 ,ι

182 4183 196 4200 n
938 4122 940 4167 ί
963 4135 1079 4198 quidnam
1097 4136 1139 4184 libi
1161 4136 1295 4186 laciendum
1308 4137 1347 4186 sit.
1382 4137 1503 4200 siquidem
1514 4141 1657 4200 propterte,
1676 4141 1751 4201 magis

156 4175 196 4237 2⁰⁴
209 4185 255 4266 γάρ
275 4185 309 4259 δὴ
332 4186 430 4263 ἕνεκεν,
442 4189 543 4264 μᾶλλον
563 4187 589 4245 δὲ
612 4187 737 4265 θυγατρὸς
751 4192 798 4259 τῆς
811 4191 872 4259 σῆς,
886 4188 916 4245 τὸ
937 4175 940 4269 ί

156 4262 215 4339 rim,
224 4275 319 4351 ἀπηνὲς
333 4275 426 4356 ἔργον,
440 4275 545 4342 ἐκείνοις
558 4275 585 4334 δὲ
608 4277 728 4352 σύνηθες,
742 4278 914 4336 διανοοῦνται.
938 4282 940 4341 l

129 4350 218 4434 mlii
229 4365 291 4444 πρδς
307 4365 400 4423 αὐτόν·
421 4365 456 4424 Σὲ
471 4364 532 4440 μὲν,
548 4360 628 4445 ίρην,
646 4363 705 4420 ἀντὶ
715 4363 812 4422 τούτων
827 4368 850 4424 οἱ
865 4365 916 4423 θεοὶ
938 4364 940 4442 ξ

897 4452 903 4472 ι
938 4448 940 4483 ι

158 4441 272 4518 sn'tilas
287 4449 454 4531 ἀμείψαιντο.
500 4452 583 4510 Πόθεν
600 4453 639 4525 el,
650 4443 819 4532 ῶἸύρρηνὲ,
833 4476 916 4510 συνει-
938 4488 940 4503 ι

158 4526 219 4609 itque
228 4539 273 4611 τὴν
289 4537 445 4612 ίπιόουλιίν,
467 4539 512 4597 καί
524 4539 568 4611 ὁς,
585 4541 649 4599 Ἀπὸ
661 4545 708 4612 τῆς
725 4541 832 4621 τίχνης,
847 4541 915 4621 ἔφη,
937 4569 941 4609 l

963 4232 1046 4278 autem
1058 4217 1154 4292 propter
1167 4231 1238 4279 hlieur
1251 4235 1332 4290 tuam,
1345 4231 1392 4280 hec
1405 4234 1454 4280 tam
1471 4232 1568 4282 crudele
1578 4234 1686 4294 lacinus,
1703 4235 1749 4282 iltis

964 4324 1044 4373 autern
1062 4324 1190 4384 usitatum,
1217 4328 1387 4388 conceperunt.
1420 4329 1468 4388 Ege
1489 4329 1570 4376 autem
1597 4326 1749 4387 adipsum:

964 4417 1018 4467 Tibi
1029 4416 1125 4480 quidem
1145 4418 1176 4466 dii
1189 4431 1232 4480 pre
1247 4420 1283 4468 his
1297 4419 1381 4481 dignas
1392 4420 1497 4468 relerant
1516 4420 1603 4482 gratias
1619 4439 1625 4468 ι
1643 4422 1749 4469 ceterum

965 4511 1028 4561 unde
1040 4511 1137 4560 insidias
1148 4511 1339 4573 deprehendisti,
1359 4515 1498 4575 Tyrrheue?
1518 4516 1549 4562 at
1571 4513 1623 4572 ille,
1637 4515 1672 4561 Ex
1684 4516 1749 4573 arte,

964 4604 1042 4666 inquit
1051 4641 1058 4665 ,
1068 4603 1127 4653 viris
1139 4617 1193 4653 sum
1213 4608 1285 4654 notus
1298 4608 1323 4653 et
1338 4617 1394 4652 cum
1408 4606 1454 4654 illis
1466 4605 1564 4654 obsonia
1579 4606 1654 4654 attero
1672 4606 1750 4667 majus

964 4698 1081 4760 prelium,
1099 4712 1172 4760 qnam
1182 4698 1214 4747 ah
1226 4698 1278 4747 aliis
1291 4699 1394 4760 reperte.
1427 4701 1510 4759 ltaque
1521 4698 1571 4747 heri
1581 4733 1588 4757 ,
1599 4712 1655 4746 cum
1670 4712 1750 4750 nanas

963 4792 1098 4852 colligerem
1109 4792 1172 4841 eirca
1187 4792 1331 4854 precipitio,
1342 4804 1437 4840 mecum
1448 4803 1587 4852 congressus
1595 4792 1749 4854 archipirata,

964 4890 1027 4936 lium
1038 4886 1124 4936 audisti
1132 4923 1139 4948 ,
1148 4887 1244 4949 quando
1259 4885 1384 4935 Phoenices
1392 4899 1406 4935 e
1415 4888 1485 4948 portu
1497 4888 1554 4935 sunt
1562 4885 1673 4947 soluturi,
1683 4900 1749 4948 que·

963 4981 1038 5031 rebat.
1073 4983 1121 5042 ligo
1140 4984 1220 5030 autem
1242 4994 1298 5030 cum
1312 4979 1483 5030 intellexissem
1504 4979 1602 5029 insidias
1621 4981 1749 5040 sermonis,

964 5075 1029 5125 Certi
1039 5073 1150 5136 quidem,
1161 5074 1257 5138 inquio,
1267 5073 1332 5136 quod
1344 5073 1436 5134 dicam,
1446 5073 1522 5123 traluo
1531 5074 1599 5136 nillil,
1611 5074 1728 5124 Trachine
1740 5088 1746 5121 ε

963 5174 1070 5220 ceterum
1080 5169 1178 5219 ineunte
1189 5181 1244 5218 rere
1253 5168 1358 5230 primum
1371 5169 1423 5218 illes
1431 5169 1552 5218 soluturos
1563 5170 1630 5232 pute.
1664 5169 1747 5231 lgilur,
