3726 5692
797 371 882 432 CAP.
907 370 1053 431 v-vll.
1704 384 1721 434 7

97 500 143 559 ἐπὶ
156 498 290 566 Τανάϊδος
307 505 429 576 ποταμοῦ
448 500 652 581 κατῳκημένων·
674 499 718 559 τδν
742 498 769 558 δὲ
792 501 888 561 Σίθονα
935 509 1041 572 primum
1055 509 1154 572 qrrldern
1167 509 1252 571 jubere
1263 510 1418 562 advenientes
1431 525 1515 574 procos
1525 527 1629 576 pugnam
1639 527 1721 564 secum

97 592 204 668 πρῶτον
230 588 279 666 pti
299 587 414 648 νννννννν
437 589 497 656 10le
519 587 720 671 νθνννννίνένννθ
739 594 891 668 μνηστῆρας
935 620 1103 682 committere,
1124 621 1160 683 (ea
1179 620 1330 681 conditione,
1348 624 1375 671 ut
1391 623 1410 671 si
1428 623 1482 684 quis
1497 623 1619 684 niuoeret,
1636 623 1722 683 abiret)

96 679 165 759 πρὸς
184 677 275 756 μα’χην
298 677 365 735 λε’ναι
381 679 520 758 (ἐαυτῷ,
541 677 580 759 ἐρ’
602 669 625 759 ᾧ
644 702 696 750 τε,
719 679 747 735 εἰ
766 676 825 754 μέν
843 701 891 742 τις

97 764 201 849 νικῴη
216 764 371 845 ἀπιέναι)
388 768 435 838 τὴν
455 765 534 847 κόρην
550 766 656 847 ἔχοντα,
668 768 691 824 εί
704 768 727 824 δ’
740 766 826 837 ἥττων
842 789 889 845 φα-

69 874 83 911 a
98 854 158 927 νείη
165 901 174 927 ,
185 854 321 926 τεθνάναι,
333 854 418 935 τούτῳ
432 879 461 914 τε
474 858 513 936 τῷ
524 855 614 936 τρόπῳ
628 854 697 913 πάνυ
710 854 820 933 συχνοὺς
832 857 892 931 ἀνη·

100 942 186 1021 ρήκει.
227 941 306 1003 Μετὰ
320 942 364 1020 δὲ,
384 947 419 1010 ὡς
433 942 512 1002 αὐτόν
525 944 576 1014 θ’ἡ
594 944 693 1002 πλείων
711 943 786 1023 ἰσχύς
804 945 890 1003 ἐπιλε-

98 1030 203 1106 λοίπει,
217 1029 333 1108 ἔγνωστό
355 1034 379 1088 τ’
401 1033 473 1111 αὐτῷ
486 1029 535 1102 τήν
548 1030 629 1110 κόρην
645 1031 827 1111 ἁρμόσασθαι,
846 1030 891 1089 δύο

98 1122 255 1200 μνηστῆρας
269 1118 442 1197 ἀφιγμένους,
455 1119 578 1200 Δρύαντοί
590 1143 619 1178 τι
635 1121 680 1178 καλ
694 1122 819 1192 Κλεῖτον,
835 1119 891 1178 ε’κί-

96 1209 191 1285 λευεν,
206 1207 289 1266 ἄθλου
302 1205 475 1288 προκειμένου
489 1213 535 1280 τῆς
546 1208 641 1288 κόρης,
658 1209 780 1281 ἀλλήλοις
795 1210 891 1285 διαμοί·

57 1313 83 1350 ιο
96 1300 205 1375 χεσθαι,
227 1296 273 1355 καὶ
296 1298 340 1354 τὸν
365 1295 413 1372 μὲν
427 1296 565 1374 τεθνάναι,
583 1296 627 1355 τδν
643 1296 671 1355 al
693 1296 891 1377 περιγενόμενον

96 1383 146 1454 τήν
159 1407 189 1442 τε
209 1384 347 1463 βασιλείαν
362 1383 407 1442 καλ
422 1382 470 1455 τήν
486 1386 567 1444 παῖδα
589 1384 668 1463 ἔχειν.
710 1389 767 1456 Τῆς
781 1386 803 1442 δ’
819 1388 890 1464 δραι·
922 1389 995 1437 'alter
1005 1388 1045 1451 qui
1055 1390 1190 1451 superesset
1199 1393 1223 1439 et
1233 1403 1305 1453 regno
1318 1393 1342 1441 et
1352 1391 1400 1440 lilia
1410 1391 1537 1454 potiretur.
1570 1392 1723 1443 Detinitodie

64 1536 69 1547 ⁴
97 1472 225 1552 ρισμένης
244 1471 345 1551 ἡμέρας
364 1472 517 1550 παρούσης,
536 1479 554 1545 ἡ
576 1474 722 1549 Παλλήνη,
745 1474 821 1552 ἔτυχε
840 1473 891 1553 γὰρ

95 1564 186 1641 ἐρῶσα
197 1567 245 1621 τοῦ
261 1562 385 1636 Κλείτου,
397 1562 466 1620 ποίνυ
482 1562 600 1643 ὠρρώδει
610 1564 671 1643 περί
683 1566 770 1622 αὐτοῦ·
786 1563 830 1622 καὶ
843 1585 891 1633 ση·

96 1655 182 1724 μῆνσι
197 1648 245 1727 μὲν
257 1651 305 1708 ούκ
315 1650 415 1728 ἐτόλμα
429 1651 479 1709 τινὶ
492 1654 545 1711 τῶν
557 1653 623 1733 ἀμφ’
637 1650 733 1723 αύτήν,
750 1650 850 1730 δάκρυα
864 1651 891 1710 δὲ

56 1755 80 1793 15
95 1738 188 1798 πολλὰ
199 1739 338 1818 κατεχεῖτο
347 1742 400 1797 τῶν
408 1743 524 1820 παρειῶν
536 1742 630 1813 αὐτῆς,
641 1740 689 1808 ἕως
703 1738 770 1820 ό[τε]
784 1739 890 1820 τροφεὺς

95 1830 181 1899 αὐτῆς
192 1826 343 1908 πρεσύύτης
362 1827 484 1907 (ἀνήρ)
508 1828 752 1905 ἀναπυνθανόμενος
769 1829 814 1887 καί
833 1831 892 1886 ἐπι-

96 1916 177 1992 γνοὺς
194 1915 226 1974 τὸ
248 1915 393 1995 saltumn:⁴
421 1916 468 1995 μὲν
489 1922 595 1998 θαρρεῖν
615 1917 841 1995 παρεκελεύσατο,
856 1921 891 1983 ὡς

95 1996 115 2082 ᾖ
129 2004 276 2083 βούλεται,
291 2005 374 2081 ταύτγΙ
387 2010 432 2062 τοῦ
453 2004 607 2083 πράγματος
620 2006 795 2087 χωρήσοντος·
815 2005 891 2072 αὐτὸς

94 2092 123 2152 δὲ
141 2093 233 2174 κρύφα
254 2092 397 2172 ὑπέρχεται
418 2092 464 2151 τδν
477 2094 582 2173 ἡνίοχον
605 2100 650 2153 τοῦ
671 2094 820 2174 Δρύαντος,
845 2095 891 2153 καί

52 2196 82 2235 ευ
94 2183 171 2261 αύτῷ
185 2180 285 2261 χρυσὸν
299 2180 380 2241 πολὺν
392 2182 576 2257 ὁμολογήσας,
593 2184 676 2242 πείθει
686 2183 729 2241 διὰ
745 2186 796 2241 τῶν
807 2183 891 2264 ἅρμα·

92 2274 187 2349 πηγῶν
201 2273 302 2351 τροχῶν
316 2270 353 2346 μή
368 2272 459 2328 διεῖναι
473 2269 520 2337 τάς
531 2270 652 2351 περόνας.
696 2266 780 2331 Ἔνθα
796 2272 842 2344 δὴ,
857 2276 891 2339 ὡς

94 2362 121 2425 ἐς
136 2359 231 2439 μάχην
245 2358 354 2437 ἐξῄεσαν
373 2359 419 2418 καί
432 2361 545 2431 ἤλαυνεν
563 2363 577 2416 θ
590 2359 677 2439 Δρύας
691 2360 735 2419 ἐπὶ
754 2361 798 2418 τὀν
813 2361 891 2420 Κλεῖ·

93 2470 155 2521 τον,
167 2445 215 2505 καλ
230 2448 254 2504 οἱ
274 2446 363 2526 τροχοί
377 2447 568 2527 περιερρύησαν
594 2450 666 2529 αὐτῷ
683 2452 736 2507 τῶν
755 2449 890 2530 ἇρμιίτων·

93 2533 142 2593 καί
152 2532 238 2601 οὕτως
248 2534 361 2593 πεσόντα
376 2535 451 2594 αὐτὸν
463 2535 641 2616 ἐπιδραμὼνδ
654 2537 763 2603 Κλεῖτος
776 2540 888 2617 ἀναιρεῖ.

53 2638 79 2677 ²⁵
92 2622 261 2700 Δίσθόμενος
275 2625 299 2682 δ’
313 2624 421 2684 θΣίθων
433 2623 476 2682 τόν
488 2628 511 2683 τ’
524 2624 611 2704 ἔρωτα
624 2626 669 2684 καὶ
683 2625 732 2697 τήν
748 2625 890 2696 ἐπιύουλήν

92 2718 142 2785 τῆς
156 2715 300 2793 θυγατρὸς,
314 2713 385 2789 μοίλα
401 2714 520 2792 μεγάλην
535 2714 621 2795 πυρὰν
632 2714 714 2785 νήσας
726 2714 771 2772 καλ
795 2712 891 2779 ἐπιθείς
936 2716 1043 2779 cognitis,
1062 2716 1182 2779 ingentem
1195 2730 1280 2779 rogum
1290 2718 1425 2779 exstruxit,
1444 2718 1603 2782 impositoque
1615 2723 1722 2783 Dryante

92 2802 296 2882 νννΔθνννννι
312 2800 590 2889 ᾤνννσννῑπῑσφάίὲῑν
604 2802 710 2875 '‘illiti‘'
730 2802 887 2874 Παλλήνην·
936 2828 1032 2879 volebat
1043 2830 1114 2879 simul
1131 2832 1236 2879 mactare
1253 2831 1277 2879 et
1294 2830 1416 2880 Pallenen.
1448 2832 1549 2881 Ostento
1565 2845 1624 2881 sero
1640 2832 1721 2882 divino

92 2891 195 3004 (1,)ῃῇ
197 2914 298 2998 σμὲτον
309 2891 337 2948 δὲ
348 2892 418 2999 ,νεὼν
427 2891 566 3002 γενομένου
575 2893 621 2951 καὶ
633 2890 788 3001 ‘bimam‘
799 2890 891 3003 ὕδατῗν
937 2942 999 2990 tacto
1010 2944 1035 2990 et
1046 2943 1143 3003 repenle
1155 2954 1218 3004 aqna
1228 2941 1305 2990 multa
1317 2940 1347 2991 de
1356 2941 1418 2990 emto
1429 2942 1515 3003 elirrsa,
1530 2943 1657 2992 eonsilium
1669 2957 1722 2992 mu-

92 2983 120 3049 ἔς
135 3002 254 3060 ουρανου
267 2980 365 3038 πολλου
381 3003 602 3061 καταρραγεντος,
615 3004 732 3058 μετεγνω
746 3003 774 3037 τε
786 3004 830 3038 και
844 3003 891 3057 γα·

53 3080 80 3120 ³⁰
95 3093 159 3145 μοις
180 3067 344 3149 ἀρεσάμενος
359 3067 402 3126 τὸν
422 3068 540 3148 παρόντα
555 3071 670 3150 Θρακῶν
684 3067 788 3146 ὅμιλον,
804 3068 891 3148 ἐρίησι

91 3162 132 3239 τῷ
146 3157 257 3238 Κλείτῳ
266 3156 315 3229 τήν
327 3156 407 3237 κόρην
420 3157 540 3236 ἄγεσθαι.

935 730 1008 780 filiam
1022 730 1126 790 babens,
1141 731 1160 780 st
1177 744 1234 781 nero
1249 731 1347 781 interior
1358 746 1409 782 esse
1423 732 1560 793 videretur,
1578 736 1721 796 moreretur,

935 839 959 887 et
981 838 1027 887 bae
1046 838 1137 888 ratione
1156 838 1227 888 valde
1247 838 1336 888 multos
1356 840 1495 889 sustulerat.
1533 840 1624 889 Deinde
1645 819 1723 901 nero,

935 958 1010 1008 quum
1035 945 1114 1009 ipsum
1138 947 1201 996 vires
1219 948 1333 998 maxime
1344 948 1509 999 destituissent
1531 951 1556 998 et
1578 949 1724 999 decrevisset

935 1057 1040 1120 puellam
1069 1057 1127 1107 dare
1154 1060 1279 1121 nuptum,
1308 1059 1369 1109 duos
1394 1073 1480 1122 procos
1507 1061 1548 1122 qui
1574 1060 1722 1110 advenerant

935 1169 1065 1231 Dryantem
1082 1170 1107 1217 et
1118 1168 1209 1218 Clitum
1220 1169 1291 1231 jussit
1313 1170 1415 1220 invicem
1430 1183 1536 1233 pugnare
1550 1184 1627 1233 quum
1643 1171 1723 1233 puella

937 1278 1046 1329 uictoriae
1063 1279 1190 1341 premium
1202 1281 1322 1343 proposita
1331 1283 1394 1331 esset
1408 1281 1441 1331 ita
1452 1284 1479 1330 ut
1492 1282 1552 1331 alter
1561 1281 1721 1343 occideretur,

935 1500 1053 1581 instante,
1073 1499 1183 1560 Pallene,
1204 1504 1256 1551 erat
1271 1502 1335 1550 enim
1350 1502 1406 1551 cliti
1418 1516 1500 1551 amore
1514 1505 1599 1565 capta,
1617 1504 1638 1553 ei
1653 1504 1723 1553 ualde

935 1608 1037 1658 timebat
1047 1610 1072 1659 et
1085 1608 1190 1659 indicare
1209 1611 1307 1673 quidem
1319 1625 1368 1661 non
1379 1612 1483 1663 audebat
1495 1613 1520 1662 id
1529 1613 1626 1663 cuidam
1637 1628 1723 1664 eorum

935 1718 976 1781 qni
989 1720 1053 1768 eirea
1068 1719 1144 1782 ipsam
1157 1727 1242 1781 erant,
1259 1722 1343 1771 multe
1355 1735 1413 1771 vero
1430 1723 1544 1786 lacrymae
1556 1724 1660 1786 degenis
1670 1725 1723 1787 eius

935 1829 1050 1893 linebant,
1060 1830 1247 1882 duneonutritor
1255 1832 1315 1896 ejus,
1325 1845 1408 1895 senex,
1420 1838 1591 1897 percunctatus
1597 1840 1621 1886 et
1627 1838 1722 1900 cognito

935 1939 1040 2001 dolore„
1051 1940 1114 1990 bono
1130 1942 1196 1991 lllam
1210 1942 1292 1991 animo
1307 1956 1359 1992 esse
1371 1943 1494 2005 jussisset,
1511 1958 1588 2006 quum
1606 1959 1656 2005 res,
1674 1959 1723 2008 quo

935 2051 1008 2113 velit,
1029 2066 1058 2102 eo
1079 2053 1110 2103 sit
1130 2066 1270 2116 processura
1292 2073 1298 2103 z
1319 2055 1368 2116 ipse
1386 2069 1445 2104 vero
1466 2055 1528 2104 clam
1547 2055 1598 2105 adit
1616 2057 1722 2118 aurigam

937 2163 1049 2224 Dryantis
1065 2177 1172 2227 auroque
1190 2164 1267 2214 mutto
1283 2165 1402 2227 promisso
1417 2167 1439 2215 ei
1456 2167 1583 2228 persuadet
1600 2170 1627 2216 ut
1638 2181 1669 2217 ne
1681 2181 1723 2230 per

935 2384 981 2433 illis
993 2384 1178 2445 procedentibus
1188 2389 1212 2434 el
1222 2388 1328 2448 Dryante
1338 2385 1362 2435 in
1373 2386 1463 2435 clitum
1472 2388 1616 2447 invelnnte,
1627 2390 1651 2436 et
1662 2390 1722 2438 rotae
1782 2358 1785 2365 Ι

936 2495 969 2544 illi
986 2495 1017 2544 de
1032 2508 1105 2544 curru
1122 2495 1265 2544 deciderunt
1279 2500 1304 2544 et
1318 2496 1354 2546 sio
1367 2496 1505 2559 prolapsum
1518 2496 1596 2560 ipsum
1608 2498 1724 2547 invadens

936 2605 1014 2655 clitus
1033 2605 1159 2654 interiecit.
1203 2605 1289 2655 Sitbon
1308 2619 1384 2667 vero,
1408 2619 1490 2656 amore
1511 2610 1535 2656 et
1556 2607 1646 2657 insidiis
1666 2608 1722 2658 silim

934 3052 996 3100 tavit
1005 3053 1029 3100 et
1038 3053 1182 3113 praesentem
1191 3051 1313 3100 Thracum
1323 3052 1503 3102 multitudinem
1516 3053 1613 3115 placans
1623 3054 1719 3116 nuptiis,

936 3164 1052 3227 permittit
1070 3164 1134 3215 Clito
1144 3163 1249 3226 puellam
1266 3162 1363 3214 ducere.

476 3347 515 3407 z'·
1297 3360 1362 3419 vu.

356 3502 432 3547 DEDI
453 3501 642 3548 ΙΠΠΑΡΙΝΟΥ.
1204 3530 1244 3570 nl!
1266 3528 1451 3571 mppnnrno.

319 3642 418 3705 Ἱστορεῖ
431 3641 520 3698 Φανίας
534 3643 547 3690 θ
560 3641 673 3704 Ἐρέσιος·
1188 3661 1265 3707 Tradit
1273 3661 1368 3707 Phanias
1377 3663 1474 3707 Eresius.

910 3642 913 3667 Ι

138 3775 189 3834 Ἐν
206 3771 280 3853 δίτῇ
299 3772 392 3852 Ἰταλῇ
416 3772 563 3854 Ἡρακλεία
583 3772 676 3838 παιδὸς
697 3768 821 3851 διαφόρου
843 3769 891 3841 τὴν
910 3704 913 3785 ί
966 3791 993 3837 ln
1008 3788 1084 3837 ltalim
1096 3788 1155 3838 urbe
1169 3788 1283 3838 lleraelea
1297 3803 1398 3852 puerum
1414 3790 1490 3837 torma
1497 3788 1671 3851 excellentem,
1684 3789 1724 3838 oui

95 3852 381 3944 νίνννιίνπννθῖννίθν
394 3861 466 3941 αὐτῷ
483 3860 584 3938 νννίννι
600 3863 652 3918 τῶν
666 3858 736 3939 πνννν
759 3855 889 3933 ννννμνννι
936 3889 1058 3955 Hipparini
1079 3893 1131 3939 erat
1151 3901 1255 3950 nomen,
1278 3889 1349 3938 ualde
1369 3889 1454 3941 nobilis
1477 3888 1590 3949 familiae,
1611 3890 1724 3940 nntileon

97 3951 240 4013 Ἀντιλέων
251 3949 365 4029 ἠράσθη·
380 3948 406 4018 δς
425 3949 510 4007 πολλὰ
531 3948 721 4029 μηχανώμενος
735 3947 836 4025 οὐδαμῇ
852 3946 895 4002 δυ-Ι

56 4054 84 4095 εε
97 4041 178 4107 νειτὸς
188 4031 223 4111 ἦν
237 4040 313 4098 αὐτὸν
328 4038 514 4119 ἁρμόσασθαι,
526 4038 587 4119 περὶ
602 4036 629 4095 δὲ
643 4034 775 4114 γυμνσίσια
790 4034 891 4115 διατρί-

97 4126 275 4190 όοντιπολλά
288 4130 327 4208 τῷ
349 4127 425 4186 παιδί
436 4125 575 4206 προσρυεὶς
589 4125 653 4205 ἔφη,
672 4126 792 4181 τοσοῦτον
812 4123 891 4180 αὐτοῦ
1562 4202 1566 4212 Ι

96 4222 181 4279 πόθον
201 4218 290 4297 ἔχειν,
303 4215 372 4275 ὥστε
390 4215 478 4275 πάντα
499 4213 580 4274 πόνον
601 4213 762 4287 ἀνατλῆναι,
778 4210 854 4269 καὶὸ
866 4235 891 4268 τι
935 4205 1061 4253 adlraerens
1069 4203 1176 4264 dicebat,
1190 4205 1257 4253 tanto
1265 4204 1317 4264 ejus
1326 4202 1619 4262 desideriosetenerr,nt
1627 4212 1725 4248 omnem

98 4308 132 4366 ἀν
148 4305 246 4385 κελεύῃ
269 4304 380 4380 μηδενὸς
400 4303 479 4362 αὐτὸν
497 4300 707 4380 ἁμαρτήσεσθαι.
750 4297 785 4359 Ὁ
802 4298 824 4356 δ’
839 4301 891 4378 ἄρα
936 4305 1041 4354 laborem
1059 4304 1163 4364 subiret,
1177 4305 1202 4352 et
1216 4303 1333 4365 quidquid
1345 4303 1428 4363 jubeat
1443 4301 1500 4351 nibil
1515 4313 1563 4349 non
1574 4300 1652 4361 ipsum
1664 4311 1723 4346 nac·

97 4395 352 4475 ν’ῗῑῑθωνῑνόίνννθ(
361 4390 518 4472 πθνσίταίῑν
530 4392 614 4469 “iistis
634 4387 686 4445 ἀπό
701 4409 768 4452 τίνος
781 4388 891 4464 spanus
937 4408 1027 4455 turum.
1062 4405 1106 4454 llic
1124 4406 1205 4454 autern
1218 4404 1303 4466 utique
1316 4418 1356 4465 per
1366 4403 1497 4451 ludibrium
1507 4401 1529 4449 ei
1542 4396 1679 4456 mandavit,
1692 4399 1719 4446 ut

58 4508 85 4546 σο
97 4487 215 4568 χωρίου,
231 4482 366 4563 θμοίλιστ’
381 4485 530 4562 ἐφρουρεῖτο
542 4478 590 4537 bri
602 4482 648 4536 τοῦ
669 4480 720 4534 τῶν
738 4474 890 4555 Ἥρακλεω·

99 4582 153 4635 τῶν
175 4575 320 4655 τυράννου,
334 4573 378 4632 τδν
395 4571 504 4631 κώδωνα
525 4566 720 4643 κατακομίσαι,
743 4565 893 4640 πειθόμενος

935 3994 1041 4054 amabat,
1051 3992 1092 4055 qui
1103 3991 1178 4040 multa
1190 3990 1354 4050 machinatus,
1368 3989 1437 4038 nullo
1449 3989 1521 4037 modo
1534 3989 1612 4051 ipsum
1624 3989 1668 4038 sibi
1681 4003 1724 4051 po·
1769 4028 1772 4035 .

936 4107 997 4154 terat
1015 4102 1158 4163 conciliare,
1179 4100 1205 4149 in
1226 4099 1356 4162 gymnadis
1372 4111 1432 4147 nero
1449 4111 1524 4161 puero
1544 4096 1649 4146 uersanti
1660 4110 1724 4159 sape

936 4523 966 4560 ex
977 4508 1069 4558 munito
1079 4506 1184 4570 quodam
1197 4507 1250 4556 loeo
1259 4506 1300 4568 qui
1313 4505 1419 4554 maximo
1426 4503 1456 4552 ab
1465 4500 1581 4551 nrolrelao
1593 4497 1724 4548 lleraeleo·

936 2287 1021 2323 currus
1037 2276 1103 2324 rotas
1114 2274 1200 2324 tibulas
1217 2276 1399 2326 transmitteret.
1433 2276 1469 2325 lbi
1486 2291 1556 2337 sano,
1574 2277 1605 2326 ad
1617 2291 1723 2341 pugnam
1796 2304 1800 2311 ·

100 4667 138 4741 μὴ
157 4666 217 4744 [ἄν]
233 4687 298 4722 ποτε
309 4661 424 4721 τελέσειν
439 4658 516 4718 αὖτδν
534 4659 607 4716 τόνδε
621 4656 665 4715 τὸν
681 4646 767 4713 ἀθλον.
810 4652 891 4714 Ἀντι-

97 4754 170 4813 λίων
180 4754 209 4811 δὲ
224 4751 310 4834 κρύφα
332 4750 361 4809 τδ
382 4747 503 4831 ρρούριον
522 4745 640 4805 ὑπελθὼν
652 4743 697 4802 καὶ
711 4741 827 4822 λοχήσας
847 4742 891 4799 τὸν

868 4830 874 4847 l

98 5026 175 5104 εὗτῷ
188 5022 277 5102 εύνοία
298 5019 413 5099 ἐγένετο,
434 5016 479 5076 καὶ
492 5017 522 5073 ἐκ
543 5015 618 5073 τοῦδε
641 5010 746 5088 μάλιστ’
765 4985 893 5079 ἀλλήλους

98 5114 220 5196 ι’ρίλουν.
264 5108 343 5168 ’Erret
362 5107 385 5166 δ’
404 5111 419 5165 θ
437 5104 561 5185 τύραννος
573 5107 619 5173 τῆς
633 5101 702 5180 ὥρας
714 5097 833 5176 ἐγλίχετο
846 5102 891 5155 τοῦ

97 5200 196 5269 παιδδς
212 5198 259 5259 καί
274 5188 326 5263 οἷός
340 5196 392 5276 [τι]
405 5186 437 5268 ήν
455 5192 533 5254 αὐτὸν
550 5190 700 5271 βιάζεσθαι,
727 5188 890 5264 δυσανασχε·

936 4616 1016 4662 tarum
1029 4614 1131 4674 tyranno
1143 4608 1335 4667 custodiebatur,
1349 4603 1538 4654 tintinnabulum
1551 4601 1657 4660 afferret,
1671 4613 1724 4649 cre·

936 4710 996 4759 dens
1016 4709 1084 4756 illum
1108 4718 1243 4768 nunrquam
1267 4703 1313 4752 boo
1335 4703 1456 4750 certamen
1480 4698 1642 4759 perfecturum
1665 4708 1723 4745 osse.

98 4869 114 4887 ρ
125 4844 210 4902 ,xm
222 4847 268 4900 τοῦ
278 4840 398 4906 κώδωνος
409 4836 563 4897 κατακαίῃ,
589 4831 700 4903 xixa&
711 4834 818 4912 ἀφίκετο
829 4854 893 4910 m
911 4782 913 4865 ί
937 4802 1048 4853 Antileon
1061 4813 1117 4850 vero
1134 4799 1196 4848 clam
1214 4798 1332 4858 ingressus
1349 4793 1474 4842 castellum
1486 4794 1511 4839 et
1524 4804 1554 4840 ex
1571 4790 1661 4840 insidiis
1675 4790 1722 4840 tin·

99 4870 134 4927 γ’)
571 4881 579 4908 ν
627 4874 632 4890 ¹
841 4872 847 4888 ⁵
911 4870 914 4905 i

58 4935 130 4997 ειτδ
156 4931 313 5012 μειράκιον,
338 4926 491 4992 ἐπιτελέσας
510 4924 559 4996 τὴν
580 4923 739 5002 ὑπόσχεσιν,
760 4925 786 4979 ἐν
807 4921 913 4992 πολλῆ·

937 4895 1055 4947 tinnabuli
1065 4894 1189 4944 custodem
1204 4891 1323 4940 interiecit
1335 4891 1359 4937 ot
1371 4889 1498 4949 postquam
1512 4888 1613 4936 uenerat
1626 4884 1657 4934 ad
1669 4884 1726 4934 ado·

938 4992 1083 5049 lesoentem,
1098 4986 1219 5050 promissis
1232 4997 1309 5047 quum
1326 4984 1438 5041 stetisset,
1451 4981 1475 5030 in
1490 4993 1575 5044 magna
1592 4979 1656 5042 apud
1668 4992 1724 5028 eum

938 5082 1161 5139 benevolentiaerat
1169 5079 1284 5130 etabboc
1291 5080 1399 5139 tempore
1406 5076 1512 5126 manime
1519 5089 1544 5126 se
1552 5074 1654 5124 inuicem
1662 5086 1725 5120 amaa

937 5195 1004 5245 bant.
1015 5194 1096 5249 Quum
1104 5188 1184 5237 alutem
1194 5187 1311 5246 tyrnnnus
1317 5196 1420 5245 puerum
1427 5182 1458 5232 de
1466 5183 1549 5242 stupro
1556 5176 1693 5228 sollicitaret
1700 5174 1726 5223 et
