3726 5692
160 136 195 187 tl
808 121 987 181 actitatis
1007 121 1115 179 Tatii

156 254 222 314 Ἐπί
242 255 356 328 πόλεμον
380 256 423 308 νῦν
440 248 608 324 ἐξελεύσομαι
628 246 776 325 βουκόλων·
803 249 874 306 ἔνδον
897 271 942 324 μοι
987 269 1001 303 c
1024 268 1104 318 pagam
1121 254 1248 303 incolumis
1263 253 1398 312 discedam,
1425 254 1507 316 itaque
1525 255 1678 316 exspectabo.
1711 257 1777 305 Saue

156 347 202 413 τῆς
223 341 400 422 tuffam
420 340 532 412 πόλεμος
548 337 671 407 κάθηται,
717 334 886 413 §epatium
910 358 942 408 με
988 346 1108 393 nuucego
1129 331 1468 395 pugnamcumprredonilsus
1479 333 1777 392 commissumssum,ast

156 435 247 508 πορθεῖ
261 429 333 498 τόξον
348 429 426 505 ἔχων,
440 426 514 503 §eumq
528 424 606 502 pm
651 422 816 499 μψγκημω,
833 423 943 494 πηγή,
987 410 1053 460 aliud
1068 424 1121 459 meu
1134 410 1158 458 in
1171 411 1272 497 pectore
1285 408 1376 458 beilum
1389 409 1496 498 geritur..
1519 413 1581 458 Arcu
1595 412 1620 459 et
1633 410 1725 498 sagittis
1738 424 1777 460 ar·

988 491 1068 538 matus
1085 501 1124 537 me
1144 489 1213 536 mrlcs
1229 490 1359 549 expugnat.
1394 490 1478 536 Victus
1489 501 1553 549 ipse,
1571 490 1645 548 atoue
1659 501 1726 537 omna
1745 502 1777 537 ea

988 570 1056 642 parte
1078 566 1219 615 vulneribus
1238 565 1361 614 molossus
1381 578 1450 624 sum,
1472 565 1594 614 medicum
1615 566 1696 629 itaque
1717 566 1777 615 mitri

988 647 1168 709 quamprimum
1177 659 1288 695 accerse:
1299 647 1388 694 vuinus
1395 647 1459 695 enim
1469 649 1536 708 urget
1546 665 1553 694 ι
1563 660 1688 709 quumque
1697 647 1777 708 ignem

990 724 1075 786 ipsein
1091 723 1173 773 trustes
1188 723 1319 773 immittere
1332 726 1429 785 paratus
1443 724 1503 781 um,
1516 730 1589 774 amor
1606 724 1664 773 alias
1674 724 1740 773 taces
1752 724 1778 773 in

159 541 245 599 ρωμαι
261 521 360 595 βελῶν·
374 517 494 582 κάλεσον,
509 513 638 591 ἄνθρωπε,
653 509 722 589 τοιχθ
737 512 780 570 τὸν
794 512 941 588 ἰασόμενον·

131 605 254 682 θέπείγει
274 603 303 662 τὸ
324 608 441 682 τραῦμα.
484 600 560 681 “Ades
581 605 633 679 πῦρ
654 598 697 657 ἐπὶ
715 597 773 664 τοὺς
788 600 942 674 πολεμίους·

157 694 239 760 ἀλλοις
255 694 334 774 δᾷδας
347 696 360 749 δ
374 690 437 769 ἔρως
452 693 534 770 ἀνῆψε
544 688 603 746 κατ’
613 690 688 764 ἐμοῦ.
731 690 818 748 Τοῦτο
832 691 943 766 πρῶτον,

158 781 294 857 Μῑνῑδαῑ,
319 778 413 837 ῦὸέσθν
427 779 456 836 τὸ
479 783 557 857 rip·
589 776 676 836 Καλὸν
699 773 729 833 τὸ
744 774 871 850 Θῖώνῑσμα
893 775 944 854 πρὸ
989 801 1207 864 rasciamoonJ'ecit.
1239 805 1276 852 Tu
1285 801 1408 850 tlammam
1418 801 1699 863 hanc,raenelae,mitri
1711 803 1779 865 priua

157 871 273 948 πολέμου
290 864 548 947 συμδολῆςὲρωτικῆ
562 864 714 943 συμπλοκή·
759 863 895 944 Ἀφροδίτη
911 887 943 939 με
989 882 1121 943 exstingue.
1156 880 1281 943 Optimum
1307 880 1380 930 tuerit
1403 881 1552 942 auspicium,
1572 880 1689 930 amatorie
1711 880 1779 943 prius

157 961 220 1041 πρὸς
245 960 324 1039 Ἄρεα
346 957 543 1016 ἀποστειλάτω.
589 955 643 1014 Καὶ
670 952 850 1024 θλίενελαος,
875 952 944 1011 Ἀλλ’
990 958 1196 1021 οοιιριεθί,ηιιειιν
1207 958 1437 1008 maauseumlroste
1446 960 1612 1009 conserantur.
1646 961 1779 1009 venusma

27 1082 30 1091 ι
118 1064 143 1102 tu
157 1053 229 1128 δρᾷς,
246 1048 359 1128 ἔφη,ώς
374 1048 421 1104 οὐκ
433 1044 488 1102 ἔστι
501 1042 588 1124 ῥοίδιον
598 1045 686 1100 λαθεῖν
703 1043 782 1112 αὐτὴν
797 1041 886 1100 ἐνθάδε
900 1040 944 1099 τὸν
990 1037 1258 1088 θᾶΜθῐῖθῐθΰῑΙῐὶῑίῑθῑ·
1288 1040 1356 1128 'Tum
1372 1037 1504 1095 M0⁰0¹⁰¹¹⁸2
1518 1040 1606 1088 'fumet
1621 1037 1778 1128 ῖῖθθιῖῦθθῑίι

160 1137 241 1216 ἀνδρα
262 1137 326 1194 ὄντα
352 1135 397 1192 καὶ
418 1135 492 1190 ταῦτ’
520 1135 629 1211 ἐρῶντα.
674 1130 728 1190 Καὶ
753 1135 767 1189 δ
792 1131 944 1209 Χαρμίδης,
991 1117 1071 1178 vides,
1090 1131 1166 1180 quam
1178 1118 1276 1167 difficile
1286 1118 1322 1167 riti
1333 1119 1535 1178 sil,praeseuiem
1549 1120 1684 1179 praesertim
1694 1130 1780 1167 amam

990 1205 1039 1250 lem
1052 1202 1133 1250 virum
1145 1202 1229 1251 latere.
1262 1203 1336 1264 Atqui
1351 1202 1430 1263 tacite,
1446 1202 1524 1264 iuquit
1541 1202 1692 1264 Charmides,
1707 1201 1780 1252 tuerit

991 1286 1169 1348 Clitoplrontem
1182 1286 1229 1335 atio
1246 1285 1344 1335 abduci.
1377 1288 1470 1335 Verum
1487 1285 1609 1334 Menelaus
1623 1286 1779 1337 Charmidem

991 1381 1117 1431 properare
1125 1367 1254 1429 videnum
1263 1368 1402 1417 milrietiam
1411 1367 1705 1431 timens‚verisimileqnid
1715 1382 1780 1419 oum·

991 1455 1100 1512 mantus,
1110 1453 1197 1511 vane,
1207 1451 1287 1513 lnquit
1296 1451 1472 1510 ,cunctationis
1481 1463 1562 1499 veram
1570 1463 1669 1500 causam
1677 1450 1780 1501 audire?

991 1534 1069 1597 puella
1076 1534 1102 1583 in
1109 1534 1239 1584 menstruis
1247 1533 1297 1583 lieri
1305 1546 1356 1583 esse
1364 1533 1448 1596 eoepit,
1457 1532 1615 1595 quamobrem
1622 1546 1636 1581 a
1644 1534 1698 1583 viro
1708 1533 1780 1583 absti-

264 1668 276 1681 ,
326 1666 333 1684 ‚
374 1664 380 1679 ,
507 1665 515 1684 ‚
550 1668 566 1680 Ν
607 1663 615 1682 ‚
714 1666 728 1679 ἢ
920 1659 926 1680 ,
992 1616 1152 1666 nendumest.
1184 1615 1781 1678 Diesigitur‚inquit(ilrarmides,tres,quatuorne

160 1666 289 1756 συνελάεῖν
307 1686 337 1721 ⁰⁰
352 1670 436 1739 ⁰⁵¹²*ss
479 1668 581 1767 0⁰„x0w
597 1683 789 1765 ,⁰²⁹“3²⁵⁹⁰⁰3²”’
805 1664 819 1717 ὁ
833 1663 947 1738 KQ*
992 1700 1031 1749 iric
1042 1698 1365 1762 exspectabimusztaulum
1375 1698 1439 1746 enim
1450 1698 1566 1760 temporis
1575 1698 1596 1746 ci
1610 1698 1644 1746 rei
1655 1699 1716 1748 satis
1727 1700 1781 1749 erit.

160 1755 204 1823 3³⁸1<
228 1757 316 1824 εἰπῑλί
336 1754 447 1809 ἕνῖαῧθα
467 1774 535 1828 ³9⁵¹<
550 1749 682 1828 ἥμεθαίδ
703 1751 844 1830 simius
869 1741 946 1806 αὗται
993 1786 1085 1832 interea
1101 1796 1167 1843 vero,
1180 1781 1248 1845 quod
1265 1795 1323 1832 sane
1341 1780 1371 1830 ab
1384 1795 1412 1830 ea
1430 1781 1482 1831 lieri
1501 1783 1593 1843 potest,
1612 1780 1742 1831 videndam
1755 1795 1782 1833 sc

159 1842 209 1921 ’ίὰθ
231 1841 331 1899 ἱκαναί·
374 1839 412 1899 Ὃ
431 1841 452 1896 δ’
476 1839 585 1913 limis
610 1840 683 1895 αἰτοῦ
707 1841 769 1917 πθθ1
795 1841 889 1907 Mc·
911 1841 946 1904 εἷς
992 1866 1635 1929 mitriprabeat,verbaquemecumlacia13rocem
1653 1880 1699 1928 ego
1716 1866 1782 1916 itlius

120 1947 146 1987 ²⁰
158 1928 309 2010 ipseipse:
328 1927 416 1998 ἡκέτω
441 1925 498 1994 τοὺς
526 1925 602 2003 gii0qu
623 1925 669 1983 καὶ
689 1925 772 2005 δόθ’)ν
797 1928 945 2002 μεταδότω·
992 1951 1084 2011 audire,
1102 1964 1200 1999 marium
1217 1953 1325 2013 tangere,
1346 1962 1436 2012 corpus
1448 1953 1599 2000 contrectare
1612 1965 1671 2000 aveo
1687 1966 1693 1998 :
1707 1950 1782 2000 animi

161 2023 272 2077 ἀκοῦσαι
286 2017 353 2074 θέλω
367 2019 465 2096 φωνῆς,
483 2015 570 2095 χειρὸς
586 2016 682 2092 θιγεῖν,
697 2017 797 2095 ψαῦσαι
816 2014 946 2091 σώματος.
992 2036 1149 2085 enimamore
1159 2036 1233 2085 saucii
1250 2036 1410 2086 allevamenta
1429 2036 1482 2085 irrue
1493 2038 1558 2085 sunt.
1592 2035 1710 2087 suavium
1723 2036 1784 2087 dare

161 2098 246 2168 ,θῦσαι
269 2105 319 2182 γάρ
344 2103 460 2184 ἐρώντων
481 2102 656 2181 παραμυθίαι,
698 2101 805 2172 Ἔξεστι
826 2105 849 2162 δ’
865 2105 947 2175 αὐτὴν
992 2135 1090 2185 quoque
1102 2123 1166 2184 licet,
1179 2135 1256 2185 quum
1271 2123 1305 2172 rei
1315 2123 1372 2172 truie
1381 2121 1553 2186 impedimento
1566 2135 1618 2174 esse
1629 2134 1783 2176 meamne·

161 2194 206 2253 κοιλ
221 2197 343 2274 φιλῆσαι·
359 2198 434 2252 τοῦτο
446 2192 496 2271 γάρ
509 2195 537 2251 οὗ
556 2192 703 2250 κεκώλυκεν
718 2196 734 2263 ἡ
752 2192 865 2271 γαστήρ.
993 2210 1092 2268 queant.
1761 2246 1764 2250 Α

202 2284 246 2345 Η’.
267 2282 317 2349 Ὦς
339 2272 383 2340 οὖν
398 2284 472 2338 ταῦθ’
496 2284 510 2339 ὁ
529 2280 663 2346 Μενέλαος
681 2280 762 2338 ἐλθὼν
786 2283 947 2360 ἀπαγγέλλει
1024 2292 1090 2339 thl.
1108 2293 1166 2340 llaec
1178 2303 1255 2353 quum
1270 2303 1381 2340 reversus
1393 2290 1515 2341 Menelaus
1528 2289 1585 2338 mitri
1601 2291 1783 2352 renuntiasset,

121 2394 147 2432 as
162 2394 220 2448 μοι,
235 2370 298 2451 πρὸς
320 2376 396 2429 τοῦτο
411 2368 555 2441 ἀνεόόησοι·
570 2373 605 2435 ὡς
626 2373 718 2427 θᾶττον
739 2368 771 2426 ἀν
791 2372 947 2447 ἀποθάνοιμι
993 2378 1023 2427 ad
1036 2379 1089 2429 brec
1100 2379 1229 2440 exclamat,
1243 2380 1304 2428 mori
1315 2380 1442 2440 memalie
1452 2392 1527 2441 quam
1536 2380 1599 2441 pati,
1610 2382 1638 2428 ut
1649 2379 1785 2442 Leucippen

60 2470 68 2485 '
161 2455 301 2539 ἥπεριίδιο
314 2458 468 2530 Λευκίππης
482 2457 585 2536 φίλημα
598 2454 824 2535 ἀλλοτριούμενον.
868 2450 909 2519 Οῦ
924 2459 948 2517 τί
993 2469 1076 2518 osculo
1085 2469 1204 2531 quispiam
1223 2469 1334 2518 truatur:
1351 2471 1405 2526 Quo
1421 2467 1489 2530 quid,
1502 2469 1611 2530 inquiam,
1621 2468 1786 2518 suaviusest?

162 2548 223 2629 γὰρ,
244 2547 319 2629 ἔφην,
334 2548 389 2604 ἐστὶ
411 2546 583 2625 γλυκύτερον,
606 2544 647 2604 Τό
662 2544 710 2620 μὲν
734 2545 785 2625 γδιρ
812 2546 884 2626 ἔργον
903 2552 949 2618 τῆς
994 2557 1096 2606 Veneris
1114 2556 1198 2620 procul
1216 2557 1291 2607 dubio
1305 2569 1446 2618 congressus
1459 2558 1484 2605 et
1502 2555 1602 2605 modum
1614 2559 1640 2605 et
1647 2555 1784 2606 satietatem

162 2637 312 2719 Ἀφροδίτης
332 2636 377 2693 καὶ
391 2635 450 2715 δρον
465 2635 521 2715 ἔχει
540 2634 585 2692 καί
606 2633 692 2714 κόρον,
716 2634 762 2692 καί
776 2635 849 2693 οὐδὲν
869 2635 948 2707 ἐστὶν,
994 2645 1077 2709 habet,
1089 2659 1241 2708 necprorsus
1249 2645 1383 2709 quidquam
1393 2647 1439 2704 est,
1447 2645 1467 2694 si
1478 2644 1650 2694 basiacnimas.
1684 2645 1784 2695 Βεσίννια

162 2724 207 2784 ἐὰν
223 2724 310 2804 ἐξελης
331 2728 409 2784 αὐτοῦ
423 2723 455 2782 τὰ
476 2722 624 2804 φιλήματα.
669 2722 784 2799 ψίλημα
801 2722 885 2783 δὲκαὶ
902 2724 949 2783 ἀό-
994 2748 1053 2786 reru
1064 2734 1132 2786 nulio
1143 2736 1189 2785 tine
1200 2734 1353 2794 terminatur,
1366 2733 1432 2783 nulla
1440 2734 1552 2784 satietate
1562 2733 1677 2792 allicitet
1688 2746 1787 2796 mmper

123 2840 150 2877 au
164 2814 250 2894 ριοτόν
274 2817 330 2872 ἐστι
356 2814 401 2871 καί
426 2812 568 2893 ἀκόρεστον
593 2811 639 2869 καί
664 2812 753 2870 καινὸν
777 2814 829 2873 ἀεί.
879 2814 948 2895 Τρία
995 2837 1078 2874 recem
1088 2828 1133 2874 est.
1168 2825 1224 2874 Tria
1234 2825 1341 2887 proiecto
1351 2826 1408 2873 sunt
1419 2836 1475 2886 quae
1488 2822 1519 2871 ab
1531 2836 1573 2872 ore
1585 2822 1786 2885 praestantissima

162 2903 213 2982 γάρ
225 2903 258 2960 sd
273 2904 403 2961 κάλλιστα
419 2900 472 2959 ἀπὸ
492 2907 538 2958 τοῦ
550 2900 681 2977 στόματος
704 2900 813 2975 ἄνεισιν,
831 2903 948 2972 ἀναπνοὴ
994 2913 1188 2975 proficiscuntur,
1200 2913 1302 2972 halitus,
1312 2912 1500 2972 vox,suavium.
1535 2910 1706 2973 Laurentique
1716 2915 1785 2973 sunt,

164 2993 209 3050 καὶ
225 2991 298 3072 φωνὴ
313 2995 358 3049 καὶ
373 2991 487 3069 φίλημα.
530 2990 593 3055 Τοῖς
610 2988 657 3065 μὲν
672 2986 723 3068 γάρ
737 2990 852 3068 χειλεσιυ
867 2992 947 3061 ἀλλή·
995 3015 1050 3062 qrroe
1060 3014 1112 3050 sese
1123 3001 1148 3049 iu
1157 3001 1245 3050 osculis
1256 3000 1341 3049 dandis
1351 3002 1436 3048 mutuo
1446 2999 1589 3062 contingunt
1600 3017 1607 3048 ι
1618 2999 1658 3048 scd
1671 3000 1788 3063 voluptas

163 3082 222 3147 λυυς
237 3081 374 3162 φιλοῦμεν,
390 3077 442 3135 ἀπὸ
468 3077 494 3134 δὲ
511 3081 557 3147 τῆς
574 3080 691 3156 ψυχῆςὴ
716 3082 761 3147 τῆς
787 3080 881 3149 ἡδονῆς
895 3083 949 3137 ἐστι
995 3091 1093 3147 ciente,
1106 3090 1184 3151 quiin
1197 3087 1350 3137 animositus
1370 3090 1526 3149 cst‚manat.
1559 3087 1720 3149 credemilri,
1736 3091 1788 3140 lte·

164 3169 247 3247 πηγή.
291 3167 436 3228 Πίστευσόν
452 3189 496 3242 μοι
506 3165 623 3242 λέγοντι,
637 3165 767 3237 Μενέλαε,
780 3168 823 3242 (ἐν
836 3167 886 3245 γὰρ
898 3175 949 3231 τοῖς
996 3179 1063 3226 πεΙιιε
1074 3180 1082 3238 (
1095 3191 1149 3227 nam
1166 3179 1191 3227 in
1207 3178 1277 3226 malis
1296 3178 1391 3225 occulta
1408 3177 1551 3239 revelabo),
1564 3190 1607 3239 ego
1621 3176 1681 3227 uiuit
1696 3178 1786 3229 duma

124 3280 151 3318 aa
164 3261 252 3323 κακοῖς
275 3257 454 3336 ἐξορχήσομαι
473 3255 506 3313 τδι
527 3253 660 3334 μυστήρια
674 3256 682 3328 )
697 3259 781 3311 ταῦτα
795 3255 862 3330 μόνοι
878 3255 949 3334 πορθ
996 3265 1131 3329 Lerruippe,
1156 3267 1227 3315 basiis
1247 3267 1370 3327 exceptis,
1393 3267 1537 3314 consecutus
1554 3279 1619 3314 sum.
1652 3262 1787 3329 ltla'virgo

165 3346 321 3415 ,λευκίππητ
340 3344 394 3422 ἔχω
408 3342 495 3420 κάγώ’
512 3341 550 3400 ἔτι
566 3340 788 3420 μένῑιπιιρθὲνος·
809 3343 886 3422 μέχρι
901 3343 949 3418 μό·
995 3354 1136 3414 adlrucest,
1161 3367 1206 3404 nec
1224 3355 1270 3403 uisi
1290 3353 1420 3404 osculando
1431 3354 1519 3403 mulier
1534 3354 1596 3403 iacta
1615 3356 1658 3403 cst
1691 3356 1786 3411 Quasst

164 3458 215 3492 νων
230 3437 280 3490 τῶν
298 3433 453 3513 φιλημάτων
470 3432 526 3489 ἐστί
537 3455 589 3507 μου
602 3428 679 3508 γυνή.
722 3432 755 3491 Ei
771 3429 799 3488 δέ
810 3454 847 3497 τις
859 3431 950 3511 άρποί-
996 3443 1052 3505 quis
1061 3442 1119 3491 milri
1128 3441 1192 3490 basia
1205 3441 1279 3491 ctiam
1288 3442 1379 3505 eripere
1391 3442 1594 3504 conetur,utiquc
1603 3441 1786 3504 corruptionem

153 3546 205 3581 -στι
217 3546 268 3601 μου
282 3522 328 3581 καί
343 3527 437 3591 ταῦτα,
452 3522 480 3579 οὐ
496 3518 567 3601 φέροι
581 3517 627 3588 τὴν
643 3518 752 3599 φθορὰν,
768 3521 796 3579 οὐ
810 3519 950 3600 μοιχεόσε-
996 3530 1058 3579 lianc
1079 3543 1126 3579 nou
1152 3531 1242 3591 ieram,
1263 3531 1330 3580 basia
1353 3531 1413 3579 milri
1437 3544 1493 3580 mea
1514 3544 1585 3579 nemo
1609 3529 1786 3592 constuprabit

165 3612 209 3669 ταί
234 3634 284 3688 μου
308 3610 342 3668 τὰ
360 3609 509 3692 φιλήματα.
558 3610 673 3680 Οὐκοῦν,
700 3608 749 3689 ἔφη
772 3612 786 3667 ὁ
808 3612 949 3681 Μενέλαος,
996 3620 1094 3681 optimo
1112 3619 1270 3682 crgo,inquit
1288 3621 1424 3679 Menelaus,
1438 3619 1613 3681 celerrimoque
1635 3618 1788 3671 oonsilioeal

125 3719 152 3759 tu
169 3700 264 3778 βουλῆς
278 3701 341 3774 ἡμῖν
363 3698 469 3777 ἀρίστης
494 3698 534 3755 δεῖ
556 3696 601 3754 καὶ
622 3695 759 3777 ταχίστης.
804 3697 886 3778 Ἐρῶν
901 3700 951 3778 γάρ
997 3720 1064 3770 opus.
1097 3713 1186 3757 Amans
1202 3708 1283 3767 enim,
1307 3707 1423 3770 quamdiu
1447 3706 1545 3770 quidem
1569 3706 1714 3770 adipiscendi
1731 3720 1788 3771 spes

165 3812 219 3859 τις,
243 3793 277 3853 τῖς
292 3788 351 3846 ὅσον
368 3786 415 3860 μὲν
438 3786 493 3864 ἔχει
507 3785 554 3856 τὴν
570 3786 663 3843 ἐλπίδα
680 3791 724 3843 τοῦ
742 3790 846 3865 τυχεῖν,
863 3786 949 3867 φέρει,
996 3796 1074 3857 adest,
1088 3809 1159 3859 aquo
1170 3796 1251 3845 animo
1268 3796 1324 3857 tert,
1343 3801 1483 3859 conceptam
1495 3795 1646 3858 adeptionem
1657 3795 1788 3847 animuin·

166 3876 254 3957 [καί]
267 3879 302 3942 εἰς
320 3873 426 3933 αὐτότὸ
443 3875 530 3953 τυχεῖν
546 3874 760 3949 ἀποτεινόμενος·
775 3874 820 3932 ἐδιν
835 3876 857 3931 δ’
879 3877 952 3933 ἀπο-
997 3886 1087 3934 clusam
1109 3886 1235 3933 continens
1251 3898 1258 3932 ι
1271 3885 1327 3932 atsi
1342 3883 1504 3946 consequendi
1523 3897 1578 3947 spes
1589 3883 1719 3945 adimatur,
1730 3884 1788 3934 tum

166 3968 231 4043 γνῷ,
244 3963 273 4021 τὸ
288 3966 428 4037 ἐπιθυμοῦν
443 3960 602 4037 μετοιόολών
617 3964 792 4033 ἀντιλυπῆσαι
813 3961 892 4043 μέχρι
906 3970 951 4022 τοῦ
997 3986 1053 4022 virro
1065 3974 1159 4021 mislata
1167 3973 1306 4034 cupiditate,
1314 3972 1431 4035 quidquid
1442 3972 1613 4034 impedimento
1623 3974 1668 4031 est,
1679 3972 1788 4023 vicissim

168 4055 277 4112 δυνατοῦ
286 4054 372 4131 τολμᾷ
385 4050 415 4108 τὸ
428 4052 537 4110 κωλῦον.
580 4049 672 4110 Ἔστω
684 4051 716 4121 δὴ
728 4048 870 4129 auiis-piac,
885 4051 951 4111 ὥστε
997 4059 1093 4110 tristitia
1106 4060 1325 4110 allicereconatur.
1359 4061 1383 4110 Si
1393 4060 1461 4111 adest
1472 4074 1530 4110 nero
1544 4061 1616 4110 etiam
1628 4060 1741 4121 incultas,
1756 4063 1788 4111 ut

127 4159 152 4199 ta
167 4166 191 4200 τι
204 4142 298 4222 δρᾶσαι
314 4140 381 4217 μετὰ
393 4144 438 4198 τοῦ
455 4136 492 4213 μθ,
507 4142 613 4197 παθεῖν·
629 4144 705 4196 τοῦτο
722 4138 749 4196 δὲ
765 4143 811 4210 τῆς
824 4143 910 4220 ψυχῆς
923 4140 951 4198 τὸ
996 4148 1095 4212 impune
1107 4162 1177 4209 agere
1191 4149 1278 4211 possit,
1294 4149 1384 4211 quique
1397 4161 1446 4198 uon
1464 4163 1515 4199 ease
1530 4162 1575 4198 cur
1588 4148 1701 4199 tormidet
1711 4148 1789 4201 intel·

168 4229 205 4306 μὴ
221 4229 381 4311 ροδοιίμενον
397 4226 524 4309 ἀγριαίνει
542 4228 641 4304 μᾶλλον
656 4228 685 4283 τὸ
701 4226 874 4303 θυμούμενον.
899 4228 951 4287 Καὶ
997 4238 1062 4299 tigit,
1075 4238 1167 4299 majore
1176 4236 1300 4287 imcrrndia
1313 4238 1458 4297 ettertur,ct
1470 4238 1565 4288 occasio
1574 4236 1605 4288 ad
1622 4237 1735 4288 diitietlee
1749 4252 1790 4290 res

167 4318 217 4399 γάρ
233 4325 246 4378 ό
260 4319 349 4400 καιρὸς
367 4316 464 4393 ἐπείγει
478 4319 529 4373 τῶν
543 4315 707 4395 πραγμάτων
721 4316 751 4373 τὸ
763 4316 871 4394 άπορον.
997 4340 1097 4389 propere
1106 4325 1262 4389 capessendas
1273 4325 1384 4388 impellit.

207 4408 254 4467 (θ’.
270 4406 441 4466 {suffodiatur
462 4397 506 4463 οὖν
522 4407 596 4478 ἡμῶν
615 4402 744 4482 ιῖστρὲχιι
758 4428 797 4470 τις
810 4403 951 4484 τιθορυδη-
1029 4419 1070 4467 llt.
1096 4418 1190 4466 interea
1212 4415 1271 4464 darm
1290 4415 1417 4465 consilium
1436 4429 1592 4479 caperemus,
1613 4415 1676 4467 intro
1690 4415 1722 4465 ad
1742 4428 1789 4468 ιιοτ

170 4494 259 4571 με’νος,
283 4496 329 4552 καλ
349 4496 419 4572 λέγει
448 4493 495 4564 τὴν
517 4490 674 4562 Λευκίππην
699 4494 772 4572 ἀφνω
796 4492 951 4570 βαδίζουσαν
997 4504 1157 4554 conturbatus
1171 4502 1270 4567 quidam
1287 4506 1405 4565 cucurrit,
1422 4505 1609 4567 Leucippenque
1622 4505 1685 4556 inter
1698 4506 1790 4558 ammu-

129 4604 156 4643 su
169 4589 327 4644 καταπεσεῖν
348 4585 394 4643 καλ
409 4583 561 4666 τώφθαλμὼ
583 4582 757 4663 διαστρέφειν.
802 4582 952 4654 Ἄναπηδη-
997 4592 1096 4641 landum
1106 4596 1204 4655 repente
1216 4592 1358 4654 concidisse,
1368 4597 1442 4656 atque
1449 4594 1533 4643 oculos
1544 4593 1679 4644 distorsisse
1689 4596 1789 4647 nuath·

169 4695 261 4738 σαντες
272 4665 325 4743 οὖν,
340 4672 444 4749 ἐθέομεν
459 4672 500 4732 ἐπ’
514 4669 596 4743 αὐτὴν
608 4672 654 4731 καὶ
666 4674 767 4750 δρῶμεν
783 4671 827 4730 ε’πλ
843 4676 890 4742 τῆς
905 4676 953 4748 γῆς
997 4682 1041 4730 nit.
1073 4680 1239 4738 Quamobrem
1250 4683 1555 4744 consurgenteseoraptim
1573 4683 1728 4745 accessimus,
1738 4684 1788 4735 liu-

170 4760 303 4836 κειμένην.
360 4761 515 4839 Προσελθὼν
538 4752 592 4834 οῦν,
619 4760 752 4835 ἐπυθόμην
782 4759 841 4818 ότι
864 4761 951 4821 πάθοι.
997 4770 1079 4832 minare
1089 4770 1209 4832 jacentem
1222 4770 1393 4834 comperimus.
1427 4772 1559 4834 Quumque
1575 4770 1625 4834 ipae
1639 4771 1789 4835 propioris-

170 4850 205 4911 ‘H
222 4852 247 4908 δ’
261 4852 296 4913 ὡς
315 4840 367 4905 εἶδέ
386 4871 435 4924 με,
451 4850 648 4920 ἀναπηδήσασα
671 4847 744 4906 παίει
759 4871 792 4923 με
807 4848 876 4906 κατὰ
901 4853 952 4906 τῶν
997 4858 1789 4922 ctus,quidnameievenissetinterrogassem,illameviooeasur·

170 4936 327 5021 προσώπων,
348 4934 462 5014 ὕφαιμον
483 4937 626 5014 βλέπουσα.
670 4936 719 5002 Ὡς
741 4934 824 4995 δὲκαὶ
842 4941 855 4994 ὁ
872 4938 953 4996 δΙενέ-
997 4960 1064 5009 gens,
1085 4948 1238 5010 sanguineam
1261 4948 1337 4999 aciem
1358 4947 1471 5009 solvens,
1494 4949 1518 4999 in
1538 4947 1597 4998 iacis
1617 4945 1677 4998 mitri
1690 4948 1788 5013 plagam

159 1224 239 1284 Ἀλλδι
250 1222 327 1282 τοῦτό
340 1246 370 1298 γε
384 1221 482 1303 ῥᾴδιον,
496 1220 560 1303 ἔφη,
575 1221 619 1278 τδν
632 1221 818 1301 Κλειτοφῶντα
829 1221 943 1295 ἀποφορ-

157 1315 289 1374 τίσασθαι.
333 1311 421 1389 Ὁρῶν
438 1301 510 1368 oded
530 1309 663 1375 Μενέλαος
680 1312 726 1366 τοῦ
742 1308 881 1387 Χαρμίδου
896 1307 944 1380 τὴν

160 1400 275 1471 σπουδὴν
291 1403 336 1458 καὶ
351 1399 473 1479 madallei<
491 1398 552 1475 saepi
571 1400 653 1473 ἐμοῦ,
672 1394 740 1475 ταχύ
755 1421 781 1453 τι
799 1396 945 1466 σκήπτεται

121 1501 144 1539 ¹⁵
159 1489 266 1547 πιθανόν
285 1487 330 1545 καὶ
349 1487 436 1565 λέγει·
452 1483 546 1546 Βούλει
564 1484 612 1555 τὴν
633 1484 757 1554 ἀλήθειαν
773 1486 884 1543 ἀκοῦσαι
899 1491 945 1557 τῆς

159 1575 306 1651 ἀναὸολῆς;
321 1574 388 1647 αῦτη
402 1575 453 1654 γάρ
466 1574 526 1654 χθδς
541 1574 627 1654 ἀφῆκε
645 1572 679 1630 rii
690 1573 796 1648 ἔμμηνα
814 1573 858 1630 καί
871 1571 945 1650 ἀνδρὶ
