3726 5692
812 343 927 402 LIBER
952 343 1001 402 lx.
1659 355 1714 404 387

107 477 136 536 rr'
148 476 249 555 ἀνδρῶν
260 474 394 533 εύσίθειαν
407 472 628 550 ἐκτετιμηκότων,
642 473 671 531 οῦ
683 470 766 547 θέμις.
811 473 843 531 Εἰ
854 470 881 529 δὲ
927 479 984 527 tatis
1008 479 1187 529 studiosissimis
1208 479 1243 529 ias
1259 494 1306 528 non
1322 483 1364 529 est.
1398 481 1528 530 Enimvero
1550 482 1569 530 si
1593 482 1648 530 lruic
1671 482 1718 532 iru-

106 563 249 646 πρνχαρείᾳ
268 566 321 622 τῶν
335 561 403 620 όλων
418 561 531 628 ἐνδόντες
546 560 692 640 προχείρως
705 558 740 617 τδν
759 563 818 617 καθ’
833 563 881 617 αὑ,
929 566 1060 616 moderate
1076 567 1167 616 laetitiae
1182 567 1213 617 de
1231 581 1326 617 summa
1339 582 1420 617 rerum
1441 568 1604 631 indulgentes,
1626 574 1718 622 temere

106 652 149 720 οῦς
172 652 370 730 ἐξαγορεύομεν,
385 653 437 708 τῶν
452 650 498 707 καί
518 648 650 728 γνωρίζειν
670 651 754 706 ταῦτα
774 646 820 706 καί
835 652 882 727 βε·
929 657 1032 704 rationes
1052 658 1147 705 nostras
1165 657 1362 719 exposuerimus,
1377 670 1432 706 cum
1452 657 1476 705 bi
1489 658 1530 721 qui
1549 662 1573 707 εί
1590 672 1718 720 agnoscere

106 741 183 800 λινοῦν
198 737 348 814 δυναμένων
364 739 393 798 οῦ
412 738 561 818 παρόντων,
581 736 617 813 μὴ
632 735 677 796 καί
698 736 821 815 λάθωμεν
837 735 881 794 τὸν
930 744 982 793 baec
995 746 1020 793 et
1035 745 1179 794 auctoritate
1194 746 1338 795 confirmare
1352 749 1448 808 possent
1460 760 1507 795 non
1518 746 1612 810 adsint,
1624 751 1718 810 pericu·

106 828 220 888 νκούοντα
230 825 421 908 παροξύνοντες
432 825 553 905 καὶπρὸς
564 824 644 905 ὀργήν
656 848 682 883 τι
693 825 799 891 δικαίως
814 826 883 905 ίφισ·
930 833 981 882 Ιυευ
994 834 1046 895 est,
1059 845 1090 882 ne
1106 845 1149 896 per
1162 832 1280 904 inscitiam
1293 847 1348 884 eum
1362 835 1404 897 qui
1423 833 1476 884 baec
1492 835 1575 884 audiet
1589 838 1718 886 exacerbe-

107 919 216 994 άμννοι,
230 913 328 996 χλεύην
344 914 374 973 δν
393 913 462 973 ούτω
480 913 549 993 τύχη
565 914 611 971 καί
633 912 709 993 ῦθριν
728 912 758 971 τδ
769 921 881 992 πρᾶγμα
929 934 984 970 mars
994 921 1020 970 et
1033 920 1122 970 iratum
1136 921 1206 970 nobis
1217 923 1304 971 merito
1316 925 1398 971 nostro
1409 923 1538 983 iaciamus,
1551 937 1594 986 pro
1613 924 1718 974 ludibrio

106 1004 286 1087 ηησομένους,
299 1002 325 1062 εί
336 1025 403 1069 τινες
418 1002 584 1081 αἰχμάλωτοι
602 1000 648 1060 καί
669 1000 799 1060 δουλεύειν
814 1001 882 1059 ἀπο-
931 1010 1031 1059 ίοείιιεεε
1041 1012 1066 1059 εί
1078 1009 1224 1059 contumelia
1244 1010 1268 1058 id
1285 1010 1442 1069 habiturum,
1459 1011 1525 1073 quod
1546 1014 1634 1074 captivi
1649 1017 1674 1062 εί
1689 1015 1719 1062 ad

106 1093 305 1176 salopesbiriae,
335 1089 518 1168 πεπλασμένον
542 1089 588 1149 καί
616 1089 738 1149 ἀπίθανοι
763 1089 882 1168 καθάπερ
929 1097 1082 1148 serviendum
1097 1098 1223 1159 destinati,
1237 1096 1299 1148 siclis
1313 1102 1338 1147 εί
1350 1099 1449 1148 minime
1470 1100 1632 1162 probabilibus
1648 1116 1718 1164 argu·

106 1210 122 1243 ιι
133 1186 258 1264 μηχανῆς
271 1184 309 1261 τῷ
323 1179 487 1260 βασιλεύοντι
499 1179 596 1243 παῖδας
610 1176 703 1244 αὖτοῦς
713 1179 882 1236 εἰσποιοῦσιν.
929 1187 1017 1235 ιννεινίίε
1028 1189 1143 1248 tanquam
1154 1200 1185 1236 ενι
1198 1187 1332 1249 composito
1347 1200 1372 1236 sc
1385 1190 1461 1250 regios
1472 1201 1524 1237 ease
1544 1190 1632 1239 llberos
1643 1192 1719 1240 simu-

106 1272 171 1333 ίλλά
182 1271 217 1331 τίν
229 1269 412 1352 γνωρίσματα,
423 1268 472 1348 ἔφη
483 1271 497 1325 θ
508 1266 653 1344 Θεαγένης,
663 1264 680 1324 ά
690 1264 776 1347 φίρειν
784 1289 814 1325 σε
824 1255 883 1324 οἶδα
930 1274 979 1324 lare
991 1274 1104 1324 audeant.
1138 1274 1185 1324 Sed
1198 1274 1301 1337 indicia,
1314 1276 1394 1338 inquit
1408 1277 1561 1340 allegere,
1575 1292 1631 1341 quac
1643 1283 1667 1327 te
1679 1294 1719 1328 ac·

106 1360 137 1419 ,αὶ
152 1358 301 1431 διασώζειν,
313 1356 353 1417 ὅτι
368 1355 405 1433 μὴ
418 1356 531 1432 πλάσμα
544 1353 633 1433 ἐσμὲν,
649 1357 711 1432 μηδ’
724 1354 814 1428 ἀπάτη
826 1356 884 1413 ουλ·
929 1362 1020 1426 cepisse
1030 1364 1080 1413 scio
1091 1364 1117 1413 εί
1127 1376 1240 1426 servare,
1253 1364 1378 1415 nobiscum
1391 1365 1494 1428 sacient,
1506 1369 1594 1416 utnon
1607 1367 1720 1430 figmento

106 1448 217 1530 ήψεταν.
263 1445 353 1517 Καίὴ
376 1443 543 1524 Χαρίκλεια,
559 1442 603 1503 'rt
620 1442 801 1523 γνωρίσματα,
818 1439 884 1523 ἔφη,
931 1452 1071 1516 uli,ueque
1087 1450 1172 1502 fraude
1189 1451 1323 1502 videamur.
1357 1453 1484 1504 chariclea
1502 1458 1599 1516 autem,
1614 1456 1719 1517 lndicia‚

106 1546 145 1606 οἷς
165 1536 339 1616 γινώσκουσιν
361 1533 429 1593 αύτθν
446 1533 464 1605 ἢ
480 1531 675 1610 συνεκθεμίνονς
695 1530 751 1592 ἔστί
773 1531 885 1613 γνωρίσ-
931 1540 1023 1605 inquit,
1036 1541 1074 1601 iis,
1088 1541 1130 1604 qui
1142 1544 1232 1590 norunt
1243 1554 1271 1591 ea
1285 1544 1310 1591 εί
1323 1546 1489 1604 exposuerunt
1502 1543 1590 1592 indicia
1609 1549 1665 1594 sunt
1677 1565 1683 1595 ι
1696 1550 1721 1594 at

106 1652 168 1687 ιατα
182 1627 235 1693 τοῖς
252 1627 275 1684 δ’
288 1626 426 1703 ἀγνοοῦσιν
439 1621 457 1693 ἢ
474 1621 510 1698 μή
534 1621 620 1680 πάντα
635 1620 768 1699 γνωρίζειν
779 1620 884 1700 ἔχουσι,
930 1629 959 1679 lis
973 1631 1015 1693 qui
1028 1631 1139 1692 ignorant
1149 1633 1193 1679 aut
1207 1644 1255 1679 non
1267 1630 1349 1679 omnia
1359 1643 1428 1681 nosse
1440 1635 1540 1693 possunt
1551 1633 1658 1683 thesauri
1668 1635 1720 1683 ina·

106 1715 220 1794 ειμήλια
229 1712 366 1785 τηνάλλως
379 1711 425 1770 καί
439 1709 531 1790 ὅρμοι,
547 1712 657 1783 κλοπῆς,
672 1706 704 1767 ἂν
720 1708 788 1767 οῦτοι
800 1706 884 1788 τύχῃ,
930 1732 975 1768 nes
987 1720 1013 1768 et
1024 1719 1122 1768 monilia
1134 1722 1191 1769 suut
1203 1723 1228 1769 et
1242 1721 1343 1769 tortasse
1354 1720 1379 1768 in
1396 1720 1557 1782 suspicionem
1569 1723 1642 1771 ctiam
1664 1724 1720 1773 lurti

106 1805 136 1863 αὶ
161 1802 286 1884 λῃστείας
310 1807 363 1867 τοῖς
385 1798 506 1880 φέρουσιν
531 1797 653 1856 ὑπόνοιαν
677 1798 882 1877 προσάπτοντες.
930 1810 955 1856 εί
976 1807 1096 1856 ίείτυοίννίί
1118 1821 1172 1868 eos,
1195 1807 1237 1870 qui
1260 1808 1353 1868 demut,
1375 1811 1473 1857 vocant.
1512 1811 1599 1872 Atqui,
1627 1811 1720 1861 etiamsi

106 1895 124 1954 :l
149 1892 179 1951 el
194 1891 227 1963 δή
242 1915 268 1950 τι
288 1888 334 1948 καί
345 1887 495 1969 γνωρίσειεν
516 1891 530 1946 θ
548 1887 703 1962 Ὑδάσπης,
719 1886 757 1952 τίς
780 1883 820 1943 ότι
839 1886 885 1943 καί
930 1896 1054 1958 quidpiam
1067 1896 1189 1958 Hydaspes
1199 1897 1354 1959 cognoverit,
1366 1897 1477 1959 quisnam
1490 1902 1526 1946 est
1537 1899 1578 1960 qui
1588 1898 1654 1961 quod
1668 1904 1722 1949 l’er·

106 1979 214 2060 ίερσίνα
226 1984 243 2050 ἡ
256 1980 401 2054 δεδωκυῖα,
416 1975 455 2042 τίς
468 1977 492 2033 δ’
504 1976 543 2032 ότι
558 1974 603 2033 καί
617 1978 653 2041 ύνς
667 1975 774 2054 θυγατρί
797 1974 885 2051 μήτηρ
930 1985 981 2033 sina
1001 1985 1106 2044 dederit,
1126 1985 1181 2047 quis
1203 1984 1307 2047 denique
1328 1985 1393 2047 quod
1413 1988 1490 2036 mater
1504 1986 1560 2035 tiliae
1580 1989 1723 2050 persuadere

119 2069 224 2129 πείσων
238 2068 349 2140 ἔνεστιν;
368 2064 554 2144 ἀναντίρρητον
569 2053 753 2145 γνώρισμα,ώ
776 2063 886 2141 Θεάγε-
932 2073 1109 2136 possibilium,
1123 2072 1161 2123 cui
1175 2073 1309 2123 contradici
1321 2087 1370 2122 non
1388 2078 1484 2137 polest,
1498 2076 1649 2139 Theogenes,
1669 2092 1722 2127 ma·

106 2182 151 2231 ες,
168 2162 186 2229 ἡ
204 2152 316 2243 μητρῴαν
331 2155 423 2235 φύσις,
436 2157 479 2234 ὑφ’
493 2150 525 2225 ἦς
548 2153 577 2210 τδ
591 2156 686 2230 γεννῶν
704 2154 765 2233 περί
782 2152 812 2211 τδ
826 2177 885 2231 γεν-
931 2167 1000 2211 ίεεοε
1014 2165 1102 2211 natura
1117 2165 1171 2211 est:
1186 2175 1235 2224 qua
1251 2162 1279 2211 srt
1295 2164 1322 2210 ut
1337 2162 1361 2210 id
1378 2163 1444 2224 quod
1456 2164 1540 2225 genuit
1550 2178 1605 2228 erga
1614 2166 1722 2217 sobolem

106 2245 212 2321 ώμενον
227 2246 258 2303 ίκ
275 2242 383 2324 πρώτης
399 2242 534 2310 ἐντεύξεως
546 2240 716 2322 φιλόστοργον
729 2241 885 2319 ἀναδέχεται
934 2251 1012 2313 primo
1031 2264 1157 2313 congressu
1179 2250 1269 2300 amoris
1283 2253 1308 2300 et
1323 2252 1538 2301 commiserationis
1558 2255 1672 2305 allectum
1685 2256 1722 2305 in·

106 2333 194 2407 πάθος,
212 2330 356 2414 ἀπορρήτῳ
367 2329 518 2409 συμπαθείᾳ
533 2329 695 2406 κινούμενον.
738 2328 818 2391 Τοῦτ’
841 2321 885 2388 οῦν
932 2339 1006 2400 duat,
1032 2351 1121 2388 arcana
1140 2338 1245 2401 quadam
1266 2342 1360 2389 naturae
1381 2341 1548 2391 convenientia
1576 2349 1720 2405 permotum.

106 2422 131 2495 ,ὴ
149 2420 312 2502 προώμεθα,
327 2419 393 2477 διότι
414 2418 459 2476 καὶ
474 2418 558 2475 τάλλα
573 2416 744 2496 γνωρίσματα
765 2417 837 2476 πίστ’
853 2417 884 2476 διν
932 2430 1021 2477 llmcne
1033 2428 1105 2490 igitur
1119 2428 1276 2490 negligamus,
1291 2428 1414 2491 inquibus
1426 2432 1559 2491 saisitum,
1572 2434 1599 2480 ut
1611 2435 1723 2481 atcetera

109 2510 199 2582 ανείη.
932 2515 1269 2566 credibiliacsserideantor?

136 2596 209 2659 llE‘.
231 2598 350 2657 Τοιαῦτα
365 2595 559 2672 διαλεγόμενον,
574 2593 687 2666 πλησίον
700 2594 751 2667 ήδη
774 2600 820 2654 τοῦ
837 2599 884 2675 βα«
963 2608 1038 2654 xxv.
1057 2609 1118 2664 Quae
1130 2619 1187 2654 curu
1206 2607 1269 2655 inter
1281 2619 1306 2655 se
1318 2608 1524 2670 colloquerentur.
1536 2608 1586 2669 iam
1607 2622 1654 2657 non
1668 2623 1722 2671 pro·

109 2684 190 2753 ιλίως
212 2676 293 2758 ἦσαν.
339 2686 489 2763 Συμπαρῆν
505 2681 532 2740 δὲ
555 2683 599 2740 καὶ
616 2683 728 2762 Βαγώας
751 2683 884 2760 ἀγόμενος.
932 2695 971 2744 cul
985 2693 1086 2744 aberant
1106 2709 1120 2743 a
1140 2708 1194 2756 rege
1215 2694 1321 2744 :aderat
1342 2700 1424 2744 autem
1438 2698 1463 2745 et
1482 2697 1573 2758 Bagoas
1593 2697 1720 2746 adductus.

106 2772 223 2847 ἱάπενδή
246 2771 434 2852 παραστάντας
456 2765 522 2829 εἶδεν
549 2775 563 2829 θ
589 2770 743 2844 Ὑδάσπης,
771 2773 886 2842 ἀνήλατο
933 2786 1064 2845 Postquam
1075 2784 1157 2833 autem
1170 2782 1293 2833 adstantes
1303 2783 1364 2832 vidit
1373 2784 1511 2847 llydaspes,
1526 2785 1661 2846 paullulum
1673 2799 1724 2834 sese

106 2861 162 2941 τρδς
176 2860 262 2943 βραχύ
273 2866 317 2920 τοῦ
329 2860 418 2939 θρόνου
431 2859 477 2917 καὶ
491 2857 619 2928 Ἱλήκοντε
631 2858 695 2930 θεοί,
709 2858 803 2940 φήσας,
815 2851 887 2928 αύθις
933 2887 946 2921 e
962 2873 1051 2922 tbrono
1073 2872 1180 2921 sustulit.
1215 2875 1259 2933 Et,
1281 2874 1380 2934 l‘ropitii
1402 2872 1472 2921 nobis
1492 2875 1583 2930 estote,
1599 2873 1647 2921 dii!
1667 2887 1722 2921 cum

106 2947 475 3027 πίσυννοίαςαύτδνήδραζε.
491 2946 622 3006 Τῶνδ’ἔν
634 2946 886 3028 τίλειπαρεστώτων
933 2961 1046 3022 dixisset,
1066 2974 1148 3008 rursus
1170 2959 1345 3021 cogitabundus
1366 2960 1436 3009 sedit.
1476 2960 1623 3009 primoribus
1643 2964 1724 3010 ενιίεενν

106 3036 110 3049 ’
128 3062 154 3097 τι
167 3038 291 3097 πεπόνθοι
304 3036 515 3114 πυνθανομένων,
531 3035 673 3108 Τοιαύτην,
689 3035 751 3114 ἔφη,
766 3037 887 3117 τετάχθαι
934 3054 1059 3100 Persarum
1073 3052 1114 3111 qui
1134 3048 1262 3098 adstabant
1275 3049 1331 3110 quid
1351 3049 1384 3097 illi
1405 3048 1532 3099 accidisset
1545 3051 1723 3111 qrrarrentilurs,

106 3148 149 3185 ισι
161 3126 290 3208 θυγατέρα
304 3124 418 3204 τήμερον
439 3125 485 3182 καί
500 3127 535 3190 είς
558 3123 647 3200 ἀκμὴν
669 3120 799 3195 τοσαύτην
814 3123 887 3194 ἥκειν
909 3092 913 3191 ί
933 3139 1030 3199 Talem,
1047 3136 1139 3199 inorrit,
1153 3138 1211 3185 milri
1225 3136 1297 3185 bodie
1315 3136 1390 3185 filiam
1410 3140 1492 3185 natam
1506 3150 1559 3185 esse
1573 3139 1598 3186 εί
1613 3139 1643 3186 ad
1658 3140 1724 3199 ejus·

106 3214 191 3296 ίθρόεν
203 3215 290 3297 ᾤμην.
335 3213 390 3274 Καί
403 3213 433 3271 τὸ
447 3213 510 3294 ὄναρ
523 3215 549 3271 ἐν
562 3214 670 3295 οὐδεμιᾷ
683 3215 798 3293 φροντίδι
812 3213 888 3289 θέμε·
910 3224 914 3257 ¹
934 3226 999 3276 modi
1019 3224 1102 3275 dorem
1115 3226 1196 3275 subito
1209 3224 1358 3288 pervenisse,
1374 3223 1461 3274 rebar:
1485 3238 1590 3287 cumque
1605 3226 1663 3274 nibil
1674 3241 1725 3275 om·

106 3306 222 3375 Ιας,νυυί
233 3302 299 3383 πρδς
309 3301 357 3373 τὴν
370 3302 463 3379 ὁμοίαν
473 3306 519 3373 τῆς
534 3300 734 3382 όρωμίνηςόψιν
745 3301 886 3379 άνήνεγνια.
935 3315 993 3363 nino
1013 3314 1136 3364 somnium
1152 3315 1223 3363 antea
1237 3326 1373 3373 curassem,
1393 3325 1460 3362 nunc
1478 3312 1549 3361 simili
1564 3313 1640 3361 iorrna
1661 3315 1725 3374 ejus,

106 3392 166 3451 reto
178 3394 208 3467 δὴ
218 3393 280 3473 περί
292 3391 371 3451 adelo
382 3391 518 3465 εἰπόντων,
532 3395 568 3457 ὡς
581 3390 711 3472 φαντασία
724 3415 762 3458 τις
779 3391 818 3464 είη
831 3396 888 3474 ψυ-
935 3417 1009 3467 quam
1022 3404 1142 3465 videram,
1155 3401 1342 3462 admonitus‚in
1355 3401 1419 3451 illius
1433 3402 1576 3451 memoriam
1589 3403 1656 3451 redii.
1682 3404 1724 3451 llis

106 3481 195 3554 [ἥςτδ
209 3481 339 3561 μελλοντα
357 3479 485 3548 πολλάκις
504 3481 600 3539 εἴδωλα
620 3480 850 3563 προτυπουμάνης,
862 3484 889 3539 ἔν
935 3496 1016 3543 autom
1031 3492 1073 3555 qui
1082 3492 1148 3541 circa
1160 3491 1229 3540 illurn
1238 3493 1307 3541 erant
1316 3491 1383 3552 quod
1394 3490 1532 3554 imaginatio
1542 3492 1655 3554 quadam
1664 3495 1726 3542 esset

106 3568 224 3651 παράργῳ
237 3570 296 3630 τότε
308 3568 339 3628 τδ
351 3568 427 3650 epoto
441 3569 635 3647 ποιησάμενος,
658 3569 724 3635 τίνες
737 3568 783 3628 καὶ
797 3568 889 3628 ὁπόθεν
935 3583 1037 3644 animm,
1049 3581 1179 3630 simulacra
1195 3579 1333 3629 futurarum
1345 3592 1426 3629 rerum
1444 3580 1531 3642 saepius
1545 3580 1725 3642 adumbrasse,

106 3637 159 3712 ῑῘιν
173 3658 270 3739 ἠρώτα.
315 3657 465 3731 Σνωιτώσης
490 3658 517 3717 δὲ
532 3661 577 3727 τῆς
600 3656 761 3735 Χαρικλείας
783 3656 827 3715 καὶ
844 3663 889 3715 τοῦ
936 3669 1071 3720 dicentibus
1083 3689 1089 3718 ν
1100 3672 1155 3717 tum
1170 3668 1228 3717 illud
1242 3669 1320 3717 visum
1340 3668 1460 3730 neglectui
1472 3668 1578 3731 habens,
1591 3670 1632 3731 qui
1648 3671 1727 3719 essent

106 3735 249 3825 Βεσγίνους
262 3746 398 3825 εἰπόντος,
413 3750 448 3814 ὡς
463 3746 570 3826 ἀδελφοί
584 3747 630 3805 καί
643 3743 789 3817 Ἕλληνες.
810 3737 850 3805 bl
861 3769 890 3823 γε
937 3761 962 3808 εί
973 3759 1037 3807 unde
1049 3756 1182 3820 quaerebat.
1215 3759 1321 3806 Tacente
1337 3770 1396 3806 vero
1418 3756 1542 3806 chariclea
1560 3759 1585 3807 εί
1603 3758 1727 3819 Timagene

106 3824 120 3893 θ
138 3828 246 3909 Ἐλλδς,
268 3834 336 3917 ἔφη,
348 3835 382 3894 τά
404 3839 428 3893 τ’
444 3834 511 3894 ἄλλα
526 3831 622 3900 καλούς
635 3832 764 3912 κάγαθοῦς
778 3832 891 3914 φέρουσα
937 3847 1046 3908 dicente,
1063 3845 1128 3908 quod
1142 3845 1250 3907 germani
1267 3848 1346 3895 essent
1357 3848 1382 3895 εί
1402 3845 1503 3895 Graeci:
1525 3848 1605 3909 Euge,
1619 3848 1726 3895 Gracia!

106 3916 156 3979 ῑαλ
165 3924 257 4003 γνήσια
271 3927 337 4001 ἡμῖν
351 3923 397 3982 καί
411 3920 562 4000 εὖσύμάολα
575 3925 610 3988 εἰς
626 3922 672 3989 τδνς
693 3923 833 3991 άπννικίους
847 3928 891 3981 θυ·
937 3936 1030 3998 ίινιμνίί,
1044 3947 1100 3997 quaa
1114 3933 1221 3997 alloquin
1238 3933 1315 3983 bonos
1328 3935 1353 3983 et
1367 3935 1508 3996 praestantes
1523 3935 1636 3997 producis
1652 3938 1677 3985 et
1689 3936 1726 3984 in·

106 4002 207 4079 ’ίίιςτά
217 4016 301 4094 ίιρεῖα
312 4018 500 4094 παρασχοῦσα.
543 4010 624 4071 illle
635 4015 691 4078 πῶς
702 4012 762 4092 οθχί
774 4011 819 4071 καί
831 4020 893 4078 παῖς
938 4037 1027 4087 gennas
1036 4022 1105 4073 nobis
1114 4036 1143 4072 ac
1152 4022 1242 4073 faustas
1251 4023 1363 4072 victimas
1374 4022 1405 4072 ad
1417 4023 1536 4072 sacrificia
1547 4027 1644 4086 propter
1654 4025 1729 4073 ricto·

106 4081 198 4180 mm
212 4121 258 4179 μοι
271 4100 342 4161 κατὰ
355 4098 403 4171 τήν
418 4096 486 4181 ὄψιν,
501 4098 633 4178 (γελάσας
644 4098 709 4180 πρὸς
721 4099 782 4167 τοὺς
795 4103 893 4179 παρόν·
939 4113 999 4160 riam
1018 4114 1111 4174 partam
1125 4110 1268 4161 celebranda
1284 4111 1417 4174 praebuisti.
1450 4112 1565 4161 ceterum
1580 4125 1623 4159 cur
1643 4127 1690 4161 uon
1705 4117 1729 4161 εί

106 4188 173 4267 Ιῦς]
184 4192 257 4271 είπερ
270 4190 316 4249 τδν
330 4188 434 4249 νεανίαν
449 4195 539 4249 τοῦτον
557 4188 668 4271 άδελφδν
679 4187 742 4247 όντα
756 4192 802 4260 τῆς
815 4188 893 4270 κόρης
940 4199 1002 4249 dlius
1013 4199 1073 4248 mibl
1087 4199 1111 4249 in
1124 4199 1215 4249 ebione
1227 4199 1268 4248 illa
1284 4200 1416 4258 natusest,
1431 4199 1575 4261 (subridens
1584 4200 1614 4247 ad
1626 4212 1728 4262 praesen·

106 4272 156 4333 ¹tl
175 4278 284 4359 ὁρᾶσθαί
310 4299 356 4356 μον
382 4278 525 4357 με’λλοντα,
549 4279 834 4359 προιεδωλοποιηθῆναι
858 4281 893 4345 ὣς
939 4287 1122 4351 toslsiquidem
1142 4287 1301 4338 adolescentis
1320 4287 1404 4349 buius,
1418 4287 1596 4351 iratrispuellar.
1619 4290 1643 4336 εί
1663 4299 1730 4335 ame

106 4364 173 4428 ίῑτί
191 4367 234 4426 διδ
252 4370 305 4426 τῶν
324 4366 465 4447 ὀνειράτων
482 4369 576 4446 ἐχρῆν,
594 4367 640 4426 καί
659 4365 825 4447 ἀποστρέψας
849 4367 892 4425 τὸν
939 4376 1100 4440 conspiciendi
1114 4376 1219 4439 speciem
1233 4378 1258 4426 εί
1267 4376 1424 4425 simulacrum
1438 4377 1495 4425 milri
1508 4377 1574 4440 prius
1588 4375 1729 4437 insomnis,

106 4436 184 4527 Μγαν
199 4458 235 4525 είς
249 4455 298 4528 τὴν
325 4456 487 4536 Χαρίκλειαν
502 4455 610 4527 κοίτην
632 4455 719 4536 φωνὴν
740 4455 892 4529 ἑλληνίζων,
939 4469 968 4515 ut
986 4465 1078 4527 dicitis,
1091 4464 1173 4514 oilerri
1190 4464 1316 4527 oportuit?
1333 4466 1419 4515 Postea
1439 4478 1555 4514 conversa
1572 4464 1681 4513 oratione
1699 4463 1729 4512 ad

106 4525 302 4615 ίθιονδάζεταν
315 4543 366 4627 γάρ
379 4543 452 4617 ἥδ’ἠ
468 4547 572 4624 γλῶττα
585 4544 630 4603 καί
642 4543 715 4623 παρὰ
726 4547 780 4611 τοῖς
792 4545 893 4621 Γυμνο·
939 4554 1104 4615 clrariclesm,
1126 4566 1262 4604 sermonem
1288 4556 1402 4604 Graecum
1427 4566 1528 4614 sonans,
1546 4553 1601 4613 (est
1620 4553 1684 4602 enim
1705 4553 1730 4600 in

106 4634 241 4707 ’θναταῖς
263 4632 310 4692 καί
329 4636 480 4713 βασιλεῦσιν
499 4632 651 4712 Αἰθιόπων)
672 4633 712 4694 Σύ
732 4632 775 4706 δὲ,
791 4623 893 4715 ἔρημά)
941 4642 1031 4692 ίιοιιοεε
1046 4641 1098 4690 bec
1113 4640 1194 4703 lingua
1205 4641 1269 4703 apud
1290 4640 1505 4704 Gymnosoplristas
1518 4643 1542 4689 εί
1556 4653 1623 4702 reges
1635 4640 1729 4692 AEtlrio·

110 4710 192 4791 ιὄρνι,
205 4720 231 4779 τί
244 4729 336 4803 σιγᾷς,
351 4721 425 4780 οὐδὲν
439 4721 637 4799 ἀποκριναμένη
652 4720 717 4802 πρὸς
727 4719 776 4794 τήν
788 4727 894 4796 πεῦσιν,
941 4744 997 4794 pum
1008 4732 1017 4791 )
1030 4745 1036 4778 :
1052 4733 1089 4780 Tu
1105 4743 1205 4790 vero‚o
1218 4729 1298 4792 uirgo,
1311 4729 1470 4792 quamobrem
1482 4730 1561 4790 taces,
1574 4740 1653 4791 neque
1662 4728 1730 4791 quid·

148 4800 367 4890 ίίιΧαρίκλενα,
382 4809 456 4890 Πρδς
466 4811 519 4877 τοῖς
535 4813 650 4889 βωμοῖς,
665 4810 715 4890 ἔφη
726 4856 735 4886 ,
748 4812 800 4868 τῶν
820 4812 893 4881 θεῶν,
940 4818 1059 4884 quemad
1080 4818 1294 4881 interrogationem
1310 4816 1469 4881 respondisti?
1487 4816 1612 4889 elrariclea
1632 4818 1730 4878 autem,

117 4867 238 4971 'stapla
249 4894 440 4979 φυλαττόμενον
458 4897 589 4975 συνίεμεν,
605 4897 654 4975 ἐμέ
669 4922 697 4957 τε
718 4897 835 4967 καὶτοὺς
848 4898 895 4976 ίμί
941 4909 977 4960 Διί
997 4921 1064 4969 aras,
1082 4907 1176 4971 inquit,
1193 4907 1310 4969 deorum,
1324 4907 1413 4970 quibus
1426 4918 1470 4956 nos
1486 4906 1596 4955 victimas
1615 4907 1731 4956 εεεεενειι·

120 4970 358 5065 ίίῆίςγνύσεσθε.
402 4987 457 5048 Καὶ
470 4993 520 5046 ποῦ
533 4979 754 5067 γῆςιίσννοῦτοι,
770 4988 895 5070 πρδςαῦ-
940 4996 1391 5059 intelligimus,meetmeospareutes
1402 4995 1560 5059 cognoscetis.
1592 4995 1731 5046 Permubi·

121 5052 341 5148 ιΙίί*ίῪθάσιιης.
383 5073 418 5137 Ἥ
434 5074 473 5153 δί,
489 5074 544 5136 ίίαί
556 5075 688 5157 πάρεισιν,
700 5075 759 5158 ἔφη,
771 5076 817 5136 καί
827 5076 894 5136 πάν·
940 5099 996 5136 nam
1016 5087 1138 5136 tertuum
1157 5088 1214 5135 sunt
1233 5085 1272 5148 bi,
1289 5086 1320 5135 ad
1341 5085 1407 5135 illam
1424 5098 1506 5136 mrsus
1521 5084 1653 5149 Hydaspes.
1687 5086 1731 5134 llla

121 5154 389 5245 1*ΐίίρουργουμίνοις
400 5162 569 5245 παρίσονται.
613 5155 896 5234 ῦίειδνάσαςοῦναύθις
941 5188 1015 5239 vero,
1035 5177 1066 5226 m
1085 5172 1189 5236 adsunt,
1206 5174 1297 5239 inquit,
1315 5177 1340 5225 et
1360 5175 1458 5226 omnino
1475 5175 1534 5226 dum
1552 5173 1731 5225 immolabimur

1566 5278 1601 5316 aa.
