3726 5692
151 335 209 385 etto

150 457 196 517 καί
209 455 288 516 πάνθ’
308 453 358 514 όσα
376 453 481 522 ἐζήτουν
503 455 580 524 ἰδεῖν,
598 453 687 510 παθεῖν
711 474 739 509 τε
761 453 807 510 καὶ
822 453 933 531 δρᾶσαι,

149 549 222 606 ταῦθ’
246 545 322 610 ὡςέν
343 541 500 621 κατόπτροις
524 550 577 602 τοῖς
599 541 707 620 ὀνείροις
729 539 774 598 καί
799 529 866 598 εἶδον
890 537 935 597 καί

149 632 257 692 ἔπαθον·
272 634 301 690 οὐ
312 631 363 709 γάρ
377 654 421 707 μοι
436 628 525 689 καὶτὸ
541 630 636 708 δρᾶσαι
651 630 683 688 τὸ
697 626 830 704 δαιμόνιον
842 625 935 707 ἐχαρί-

149 745 224 782 σατο.
257 719 341 780 Ὅλον
353 720 455 778 δεῖπνον
468 718 631 777 ἀναπλάττει
644 741 689 794 μοι
702 718 733 776 τὸ
748 715 878 789 ἐνύπνιον,
890 716 936 774 καί

122 830 135 868 s
150 808 262 880 ξυνηθως
272 805 377 867 ἐδόκουν
388 805 587 881 ἀνακεκλίσθαι,
598 805 645 865 καί
654 804 702 875 τὴν
712 803 794 884 κόρην
804 807 934 885 κιρνῶσαν

148 901 211 978 δρῶ.
255 899 288 957 Ei
313 895 360 972 μὲν
375 887 420 956 σύν
445 894 584 967 Σωσθένης
608 894 653 953 καί
676 893 780 952 Πανθία
800 893 934 973 προέπιον,

150 984 264 1064 ἀκριύῶς
277 986 323 1043 οὐκ
333 973 409 1056 όίδα,
426 982 458 1054 νὴ
474 981 518 1041 τὸν
531 985 556 1041 ἐν
571 980 661 1047 ὕπνοις
675 975 793 1061 Ἔρωτα·
810 981 873 1060 πρὸς
888 979 935 1057 ἐμὲ

149 1076 171 1134 δ’
185 1065 277 1146 ἧκενὴ
292 1072 357 1151 κόρη
372 1074 506 1150 κιρνῶσα,
525 1070 571 1129 καί
585 1068 649 1141 ὅλην
662 1067 744 1140 αὐτὴν
761 1076 815 1134 τοῖς
828 1070 932 1150 δρθαλ·

149 1168 208 1239 μοῖς
225 1183 274 1239 μου
287 1159 445 1236 κατέπινον,
457 1157 520 1228 ὅλην
535 1157 688 1239 ἐξερρόρουν
703 1155 750 1228 τὴν
765 1156 856 1238 κόρην,
872 1156 935 1230 δλην

112 1277 137 1319 ια
150 1250 215 1330 πρὸς
237 1247 285 1320 τὴν
302 1247 390 1329 ψυχὴν
413 1247 595 1324 μετεόίόαζον.
640 1244 675 1305 Ἥ
690 1245 717 1304 δέ
736 1268 823 1322 μοι,ι
847 1245 934 1320 Λαίὸε,

149 1338 228 1421 ρησί,
257 1338 287 1395 ab
302 1336 437 1416 ποτήριον.
465 1366 476 1387 ν
526 1335 599 1414 Ἐγὼ
614 1333 642 1393 δέ
658 1335 739 1392 πάλιν
764 1338 861 1402 ἀτενῶς
885 1334 935 1393 ἐώ-

150 1451 201 1508 ρων
216 1424 307 1496 αὐτήν·
319 1425 426 1483 ἐκτείνω
437 1426 458 1482 δ’
474 1422 544 1501 ὅμως
557 1423 605 1496 τὴν
623 1424 701 1504 χεῖρα
711 1422 815 1498 λαθεῖν,
832 1423 878 1483 καί
887 1427 936 1495 τῆς

148 1514 278 1599 παρθένου
286 1514 369 1573 illie
381 1513 424 1573 τδν
435 1513 573 1592 δάκτυλον,
582 1513 628 1572 καί
639 1512 682 1571 τὸν
690 1511 759 1572 πόδα
768 1515 807 1592 τῷ
813 1511 874 1572 ποδί
887 1536 936 1587 μου

148 1603 363 1685 προσεπιθλίόω,
390 1603 542 1682 «talpae,
559 1630 571 1654 a
597 1599 786 1683 ὑποψιθυρίσας
812 1606 845 1682 τῇ
871 1601 934 1680 κόρη

111 1718 135 1759 te
149 1694 308 1771 λεπτὸν,καὶ
315 1683 368 1754 οἷον
374 1691 460 1764 ἐκείνη
469 1689 674 1773 προεψιθύριζεν·
682 1695 699 1760 ἡ
707 1691 730 1747 δ’
740 1688 795 1747 οὐδ’
807 1691 936 1758 ἀντεῖπεν,

149 1784 202 1843 οὐδ’
215 1782 382 1862 ἀντέδρασεν,
392 1782 450 1839 ἀλλ’
460 1783 495 1847 ὡς
505 1779 532 1848 ἐξ
543 1781 630 1845 αἰδοῦς
638 1778 819 1858 ἠρυθραίνετο.
832 1779 936 1860 Τροραί

148 1871 267 1932 ποικίλαι
288 1870 406 1943 συνήθεις
422 1868 484 1949 περί
500 1868 548 1940 vlt
567 1867 710 1948 τράπεζαν·
727 1867 778 1945 ἐγὼ
789 1870 804 1926 δ
816 1868 859 1934 ’ὡς
875 1871 937 1939 ἀλη-

149 1965 199 2028 θῶς
217 1960 313 2038 ἐτίμων
329 1959 373 2018 τδν
384 1958 495 2037 ὄνειρον,
511 1957 556 2015 καί
574 1957 633 2024 aba<
647 1957 707 2015 κατ’
717 1955 815 2035 ὄνειρον
827 1959 936 2034 ἐτρεφό-

149 2072 213 2127 μην·
230 2047 312 2129 τρορὴ
327 2046 356 2107 δέ
377 2071 422 2124 μοι
436 2047 482 2105 καὶ
500 2046 576 2113 πόσις
590 2045 635 2104 καί
656 2045 786 2124 δρθοιλμοί
803 2044 936 2125 καὶψυχὴ

109 2159 136 2198 uo
149 2139 265 2214 Ὑσμίνη
274 2134 411 2215 παρθένος,
423 2134 487 2215 πρὸς
494 2135 526 2207 ἣν
537 2133 582 2192 καί
591 2133 673 2211 μόνην
685 2132 936 2210 ἀτενέστερονέόλε·

149 2250 210 2287 πον.
253 2215 322 2285 Ἧκε
339 2224 418 2283 πάλιν
437 2223 532 2303 ἡκόρη
552 2220 740 2303 προτεινομένη
761 2220 791 2279 τό
805 2219 936 2299 ἔκπωμα·

150 2315 231 2374 πότου
249 2315 301 2393 γὰρ
321 2314 410 2372 ἐκάλει
428 2312 527 2391 καιρός·
551 2310 604 2389 ἐγὼ
628 2309 655 2368 δὲ
672 2307 761 2367 λαθὼν
776 2309 822 2367 καί
843 2310 936 2390 μικρὸν

150 2402 312 2485 ἐκρορήσας,
329 2400 359 2458 τὸ
369 2410 421 2458 πᾶν
437 2397 598 2459 ἀντιδίδωκα
613 2397 677 2478 πρὸς
689 2397 739 2470 τὴν
754 2397 883 2477 παρθένον
903 2402 936 2456 εἷ·

149 2490 217 2549 πιίιν·
234 2487 402 2564 «Κοινοῦμαί
412 2512 454 2547 σοι
466 2489 495 2547 τὸ
505 2486 573 2556 ποτά,
594 2510 640 2544 ιον,
648 2513 660 2536 ι
669 2483 780 2563 Ἐγιίνδὲ
792 2486 871 2542 πάλιν
882 2489 937 2545 ἀπε·

109 2605 135 2646 ss
150 2582 200 2648 νῶς
210 2579 298 2660 ἑώρων
310 2578 400 2649 αὐτήν.
416 2578 470 2638 Καί
480 2576 553 2642 τέλος
561 2509 617 2654 είχε
631 2575 661 2633 τὸ
672 2576 785 2645 δεῖπνον,
796 2572 812 2630 ὅ
823 2597 867 2649 μοι
877 2578 936 2633 καθ’

150 2667 246 2734 imae<
260 2666 355 2746 ὄνειρος
371 2667 501 2744 ἐρωτικῶς
510 2664 691 2742 ἡτοιμάσατο,
706 2661 723 2734 ἦ
735 2665 834 2740 μᾶλλον
848 2662 937 2741 Ἔρως

151 2760 178 2814 ἐν
191 2754 300 2836 ὀνείροις
314 2752 452 2813 ἐσκεύασε.
497 2752 553 2812 ital
566 2752 643 2828 ἡμεῖς
662 2750 723 2831 περὶ
741 2749 772 2809 τδ
789 2751 936 2826 δωμάτιον,

150 2842 195 2902 καί
214 2841 354 2911 Σωσθένης
368 2843 413 2898 καί
429 2838 534 2899 Πανθία
558 2838 672 2911 ξυνηθως
693 2840 770 2915 ἡμῶν
789 2840 935 2910 ἀπηλλάτ-

150 2953 239 2991 τοντο·
255 2929 308 3008 ἐγὼ
328 2928 416 2988 δὲκαὶ
432 2926 611 3007 Κρατισθένης
630 2924 836 3003 ἀνακεκλίμτθα.
882 2928 936 2986 Καὶ

110 3045 136 3086 ³0
151 3017 183 3092 δὴ
198 3017 245 3091 τὴν
265 3016 395 3096 Ὑσμίνην
410 3021 463 3098 δρῶ
477 3018 537 3097 περί
550 3017 598 3089 τὴν
611 3015 677 3093 ἐμὴν
690 3013 792 3090 κλίνην,
806 3015 838 3087 ἣν
854 3015 936 3092 μηδὲν

151 3108 277 3173 αἰδεσθείς
288 3108 353 3177 ὅλην
366 3104 510 3186 ἐρέλκομαι
524 3104 648 3185 τῇχειρί,
660 3104 705 3162 καί
717 3107 750 3183 τῇ
763 3104 838 3184 κλίνη
850 3127 935 3185 παρα·

150 3195 263 3263 καθίζω·
278 3190 366 3273 Ἔρως
382 3192 432 3272 γδιρ
449 3193 579 3259 ἀναιδείας
593 3192 692 3270 πατήρ.
737 3189 771 3251 Ἦ
787 3192 809 3248 δ’
824 3193 936 3250 αἰδεῖται

151 3283 199 3361 μέν
210 3288 245 3351 ὡς
256 3283 398 3362 παρθένος,
411 3282 455 3339 καί
468 3284 513 3352 τὴν
523 3281 561 3357 μὴ
573 3280 729 3356 πειθομένην
739 3278 772 3337 τίι
783 3283 876 3357 πρῶτα
886 3303 934 3338 κα-

150 3373 345 3452 θυποκρίνεται,
356 3381 462 3429 νικᾶται
475 3371 496 3427 δ’
511 3369 580 3447 ὅμως
595 3373 629 3435 ὡς
641 3369 766 3446 παρθένος
781 3369 884 3449 ἀνδρὸς,
895 3367 936 3427 ὅτι

110 3487 136 3524 ατ
152 3463 196 3519 καί
213 3462 264 3539 πρὸ
283 3463 329 3530 τῆς
346 3463 411 3536 ἐμῆς
428 3458 524 3528 ταύτης
538 3456 623 3537 χειρδς
638 3456 663 3523 ἐξ
678 3457 796 3535 Ἔρωτος
810 3456 933 3527 ἥττηται.

189 3568 213 3609 υ.
236 3548 291 3608 Καὶ
306 3552 322 3617 ἡ
339 3548 386 3625 μὲν
402 3546 459 3613 τοὺς
473 3545 621 3626 ὀρθαλμοίνς
641 3545 685 3602 ἐπί
700 3545 747 3616 τὴν
758 3549 806 3625 γῆν
823 3547 936 3604 ἐπαττοί·

150 3640 254 3713 λευσεν,
282 3635 334 3715 ἐγὼ
353 3637 380 3694 δὲ
394 3634 453 3701 τοὺς
474 3635 552 3711 ἐμοὺς
577 3633 651 3699 ὅλους
671 3632 714 3691 ἐπὶ
733 3632 763 3691 τδ
782 3637 829 3704 τῆς
856 3634 936 3715 κόρης

152 3725 346 3784 ἀνεσκολόπισα
361 3723 510 3802 πρόσωπον·
525 3714 558 3794 ἦν
572 3721 622 3801 γὰρ
634 3725 732 3802 πλῆρες
750 3720 850 3803 ρωτδς,
866 3727 936 3798 πλῆ-

153 3837 192 3892 ρες
206 3814 312 3893 χάριτος
320 3857 331 3888 ,
348 3814 446 3892 πλῆρες
469 3813 575 3882 ἡδονῆς·
590 3809 668 3890 ὀρρίνς
689 3810 818 3890 μέλαινα,
832 3801 887 3893 ἶρις
907 3814 936 3874 τὸ

111 3927 137 3965 ιο
152 3906 254 3981 σχῆμα,
262 3901 278 3972 ἢ
286 3900 474 3972 κατάσελήνην
486 3896 727 3975 μηνοειάί,ς.’ομμα
739 3899 831 3976 μέλαν,
842 3924 935 3981 γοργον

151 3991 196 4048 καί
211 3993 284 4066 μάλα
300 3989 418 4070 ραιδρόν·
430 3993 443 4045 ὁ
454 3989 546 4053 κύκλος
561 3990 632 4068 αὐτῷ
643 3986 713 4045 κοιτδι
728 3987 805 4066 μέρος
815 3988 935 4056 ὠξύνετο·

151 4079 196 4137 καί
207 4071 238 4150 ἦν
259 4080 287 4135 τὸ
300 4084 394 4157 σχῆμα
411 4085 464 4143 τοῖς
478 4079 621 4156 ὀρθαλμοῖς
632 4075 784 4152 κωνοειδὲς,
796 4078 896 4154 μᾶλλον
909 4077 936 4138 tl

151 4167 305 4232 κυκλοειδές.
322 4167 355 4226 ‘ll
368 4167 428 4248 περί
441 4166 489 4238 τὴν
502 4164 646 4246 βλεραρίδα
661 4164 715 4246 θρίξ
729 4168 865 4233 παντελῶς
879 4171 937 4245 ipe·

151 4257 263 4314 λαίνετο·
287 4255 330 4313 καί
345 4248 377 4326 ἦν
395 4259 469 4327 ὁτῆς
488 4255 566 4335 κόρης
578 4253 712 4335 δρθαλμδς
724 4252 804 4322 ὄντως
818 4253 936 4335 Ἐρωτος

782 321 982 380 ΙίΥιλΙΑΘίΟΥ
1003 322 1098 381 Btssn.
1122 323 1153 381 Γ.

1580 325 1623 404 u·
1648 331 1773 408 ν-οι

980 460 1076 523 εἰδετε,
1089 462 1153 525 pati,
1169 476 1239 522 agee
1251 463 1395 526 gestiebam,
1410 476 1438 513 ea
1452 476 1494 526 per
1507 464 1630 515 somnium
1649 469 1772 529 unquam

980 553 1004 603 iu
1025 556 1123 617 speculo
1142 555 1189 607 vidi
1206 559 1231 606 el
1243 570 1325 618 passus
1336 570 1405 619 eum;
1418 557 1520 607 solidam
1535 558 1599 607 enlm
1613 559 1712 610 ιιιιίεττο
1732 574 1774 611 το-

981 643 1097 707 luptalem
1109 646 1215 695 numinis
1229 646 1318 696 invidia
1331 660 1379 697 nou
1397 650 1526 699 mnoesnl.
1547 652 1651 700 Omnem
1663 652 1774 702 convitii

981 737 1122 798 apparatum
1146 739 1268 787 somnium
1295 739 1354 788 milri
1377 739 1469 802 elingit
1486 742 1512 790 et
1531 754 1574 803 pro
1594 743 1775 797 σοατιιαίιιιίίαα

980 829 1124 880 accumbere
1141 829 1241 880 videbar
1255 832 1280 880 et
1300 832 1405 893 puellam
1422 833 1507 882 riuum
1523 835 1669 885 miscentem
1687 848 1773 888 cerno.

981 924 1067 973 Utrum
1094 936 1152 973 vero
1180 926 1307 975 sosthenes
1328 939 1358 975 ac
1379 927 1480 977 Panthia
1501 928 1571 989 primi
1591 928 1723 992 biberint,
1748 929 1775 981 id

981 1032 1037 1069 neno
1053 1022 1194 1082 (Amorem,
1204 1021 1245 1083 qui
1255 1022 1278 1071 in
1288 1025 1378 1072 somnis
1388 1024 1456 1072 risus
1470 1027 1515 1084 est,
1526 1028 1620 1085 testor)
1634 1040 1684 1076 non
1694 1030 1774 1090 uovl3

980 1112 1023 1162 aad
1036 1113 1134 1163 taudem
1155 1116 1257 1165 accessit
1274 1114 1305 1164 ud
1326 1129 1364 1165 ma
1383 1117 1501 1178 ilysmine
1517 1120 1647 1180 propinans
1664 1124 1690 1170 et
1706 1120 1775 1172 iliam

981 1209 1057 1257 lotam
1071 1210 1146 1258 oeulis
1160 1210 1239 1270 ebibi,
1251 1213 1329 1259 totam
1343 1211 1449 1274 puellam
1466 1212 1583 1274 exhausi,
1598 1218 1730 1278 totamque
1749 1219 1774 1267 in

981 1300 1087 1350 παίονται
1112 1302 1294 1352 transferebam.
1318 1303 1361 1352 llla
1375 1307 1483 1364 ,autem,
1509 1324 1520 1346 u
1539 1307 1647 1368 Accipe,
1674 1309 1774 1370 inquil,

982 1393 1095 1455 menium
1107 1410 1114 1454 ;
1128 1413 1141 1437 ν
1154 1394 1195 1443 sed
1205 1408 1248 1457 ego
1259 1396 1347 1446 iterum
1365 1396 1486 1447 destinato
1502 1399 1612 1448 contuitu
1625 1414 1682 1449 mm
1700 1402 1776 1467 ἰατρί-

981 1486 1088 1549 ciclum,
1108 1490 1220 1550 protensa
1243 1493 1323 1539 tamen
1341 1503 1414 1540 manu
1442 1490 1500 1540 illud
1521 1492 1644 1554 excipiens
1665 1492 1775 1556 digitum

981 1583 1068 1646 puellm
1080 1597 1180 1646 premo,
1196 1586 1245 1634 imo
1256 1586 1340 1649 pedem
1354 1587 1414 1650 pede
1434 1588 1520 1638 ludius
1534 1601 1646 1651 premens
1669 1591 1775 1655 puelle,

982 1683 1008 1726 ut
1019 1676 1136 1738 salvaret,
1151 1678 1218 1727 tenui
1231 1691 1290 1729 noce
1303 1681 1328 1730 el
1344 1680 1411 1742 qrtali
1426 1680 1476 1743 ipse
1496 1683 1642 1742 susurravit,
1660 1683 1772 1735 insusur-

982 1783 1053 1832 rans3
1069 1770 1110 1820 illa
1122 1776 1203 1820 eutem
1217 1784 1293 1834 naqrre
1307 1772 1374 1821 dicto
1393 1786 1471 1834 nuque
1492 1775 1556 1822 lacto
1575 1775 1720 1838 respondit,
1732 1778 1775 1827 sed

982 1877 1030 1924 prm
1038 1865 1129 1927 pudore
1137 1865 1243 1915 erubuit.
1255 1870 1349 1917 Interea
1363 1870 1478 1916 consueta
1492 1868 1553 1930 dape
1567 1881 1661 1918 manem
1674 1873 1776 1934 opipare

982 1962 1125 2010 constructae
1135 1968 1204 2022 sunt;
1216 1975 1260 2023 ego
1272 1965 1353 2012 alitem
1369 1965 1489 2012 οοαιαιααι
1501 1977 1574 2026 quam
1589 1966 1719 2015 verissime
1732 1968 1774 2017 bo

981 2063 1039 2097 nore
1046 2040 1204 2111 proseduebsr
1211 2053 1277 2100 lotus
1288 2050 1319 2100 ad
1329 2065 1385 2101 eum
1395 2052 1502 2104 intentus
1513 2054 1618 2103 :etenim
1632 2055 1774 2118 epularum,

983 2140 1105 2201 merique,
1118 2142 1245 2190 ourrlorum
1267 2148 1381 2204 praterea
1397 2158 1426 2193 uc
1443 2145 1531 2194 animm
1545 2145 1627 2195 locum
1645 2148 1775 2200 obtinebat

982 2231 1098 2291 ligamine
1104 2232 1179 2290 uirgo,
1188 2233 1289 2293 iuquam
1295 2235 1319 2282 et
1325 2234 1400 2282 solam
1411 2233 1541 2282 inbannire
1548 2233 1637 2286 obtutu
1646 2237 1773 2289 lsaerelram

982 2317 1083 2367 delirus.
1117 2322 1205 2368 lterum
1227 2321 1292 2370 veuit
1315 2322 1395 2383 puella
1416 2322 1529 2385 poculum
1554 2327 1701 2388 prmlenens3
1718 2341 1774 2379 uam

983 2409 1077 2467 tempus
1087 2405 1183 2456 bibendi
1196 2407 1288 2468 aderat,
1298 2421 1390 2471 egoque
1402 2417 1526 2474 acceptum
1541 2413 1633 2464 labellis
1647 2416 1773 2467 mutilium

982 2493 1091 2543 minuens
1103 2494 1204 2553 reddidi,
1215 2495 1296 2545 dicens
1309 2512 1337 2546 ιι
1351 2499 1433 2548 Poculi
1446 2501 1470 2550 te
1480 2502 1622 2564 participem
1633 2503 1709 2556 iacio.
1722 2526 1734 2549 ι
1744 2509 1775 2556 et

982 2585 1069 2634 iterum
1083 2584 1211 2635 ἰιιοοααίνο
1226 2587 1315 2637 obtutu
1330 2589 1353 2636 iu
1368 2603 1422 2638 eam
1432 2590 1528 2641 defixus
1541 2565 1679 2644 baerebam.
1704 2598 1774 2647 linae

983 2671 1054 2722 tinem
1073 2673 1159 2724 babuit
1178 2677 1334 2735 convivium,
1357 2677 1423 2739 qrrod
1445 2679 1573 2730 dormienti
1593 2682 1655 2731 milri
1674 2697 1774 2736 οαιιιαιιε

982 2763 1098 2813 amatorie
1122 2765 1165 2814 ant
1189 2766 1268 2826 potius
1288 2769 1361 2815 Amor
1380 2768 1405 2816 lu
1425 2770 1517 2818 somnis
1535 2771 1640 2831 meavit.
1675 2775 1709 2824 ut
1729 2788 1774 2825 noa

981 2850 1069 2900 ilerum
1080 2851 1105 2900 in
1119 2851 1240 2915 cubtculo,
1257 2854 1433 2917 sosthenesuue
1446 2868 1475 2905 ac
1492 2855 1593 2906 Panthia
1614 2872 1659 2922 pro
1671 2874 1774 2913 consue·

982 2940 1065 2991 tudine
1082 2941 1244 2992 discesserunt
1255 2957 1263 3003 ς
1275 2956 1319 3004 ego
1334 2946 1415 2993 summ
1433 2949 1457 2994 et
1471 2945 1638 2997 crsustnenes
1660 2951 1771 3003 cubitum

981 3029 1150 3078 concessimus.
1179 3032 1240 3079 Ecce
1251 3035 1331 3079 aulem
1344 3031 1489 3092 ligamineu,
1508 3032 1600 3083 tectulo
1615 3048 1673 3087 meo
1688 3041 1773 3101 prosi·

982 3130 1045 3165 tuam
1058 3116 1279 3178 nicaenumque,
1294 3131 1396 3167 excusso
1407 3120 1472 3169 omni
1482 3120 1589 3182 pudore,
1602 3124 1634 3172 ad
1646 3137 1687 3174 me
1701 3127 1774 3177 trabe

981 3208 1006 3251 et
1017 3203 1131 3253 acclinem
1149 3204 1278 3264 collocati;
1299 3205 1446 3255 Amorenim
1463 3208 1623 3270 impudentiae
1635 3215 1703 3274 pater
1720 3221 1766 3264 est.

982 3291 1070 3341 Puduit
1081 3291 1146 3341 illam
1163 3293 1198 3341 uti
1215 3293 1331 3354 virginem
1339 3331 1347 3356 ,
1365 3296 1520 3356 primumque
1532 3312 1557 3348 se
1576 3300 1676 3351 invitam
1687 3314 1718 3351 ac
1729 3316 1769 3352 τε·

981 3380 1112 3430 luctantem
1131 3381 1182 3444 cogi
1199 3382 1336 3445 simuleni13
1354 3397 1411 3433 mox
1425 3391 1505 3437 tamen
1524 3389 1605 3450 puella
1628 3390 1692 3440 ricta
1703 3395 1741 3442 eet
1756 3406 1771 3442 a

983 3470 1033 3518 viro
1042 3504 1049 3529 ,
1059 3472 1115 3519 aule
1129 3483 1169 3518 me
1181 3484 1285 3532 numque
1296 3478 1321 3521 et
1330 3472 1396 3523 illam
1408 3479 1481 3523 Amor
1497 3475 1596 3528 vicerat

1012 3566 1035 3608 6.
1052 3558 1131 3608 Attila
1140 3560 1400 3611 oculosterraedefinos
1410 3564 1543 3626 continuit,
1555 3573 1697 3629 egoaulem
1706 3583 1774 3622 meua

981 3659 1005 3708 in
1013 3658 1099 3721 puellm
1107 3660 1201 3709 vultum
1210 3660 1386 3712 intentosserat
1394 3663 1457 3712 enim
1464 3662 1560 3716 luminis
1567 3666 1665 3730 plenus,
1677 3669 1775 3732 plenus·

980 3774 1028 3822 que
1041 3763 1188 3821 venustatis,
1200 3768 1225 3812 et
1241 3763 1372 3825 voluptatis
1385 3763 1470 3826 plenus
1481 3766 1591 3828 :nigrum
1604 3770 1774 3833 supercilium,

908 3903 915 3921 ,
982 3867 1049 3916 iridis
1070 3868 1171 3918 sormam
1183 3871 1226 3918 aut
1244 3871 1372 3920 crescentis
1384 3870 1448 3922 lunas
1460 3871 1561 3934 liguram
1573 3874 1691 3927 edesus.
1707 3881 1774 3929 ocu·

982 3968 1020 4015 lus
1032 3968 1097 4029 niger
1111 3967 1152 4018 sed
1162 3981 1226 4028 acer,
1240 3969 1370 4033 hilarisque
1383 3969 1453 4021 ualde
1465 3971 1567 4035 oculus,
1581 3975 1655 4036 cuius
1666 3977 1776 4029 ambitus

982 4074 1005 4122 in
1022 4075 1120 4123 acutum
1138 4076 1224 4136 partim
1234 4074 1338 4137 desinit;
1352 4073 1465 4125 universa
1480 4077 1608 4129 oculorum
1626 4080 1707 4131 torma
1720 4084 1774 4133 caui

980 4175 1056 4236 ligura
1067 4176 1110 4224 aut
1123 4176 1203 4238 potius
1213 4177 1324 4227 rotunda.
1343 4178 1408 4241 Nigri
1421 4192 1518 4242 prorsus
1528 4181 1640 4231 ciliorum
1653 4184 1709 4247 pili,
1723 4198 1774 4236 me·

981 4282 1084 4331 rumque
1092 4271 1186 4319 Amoris
1192 4272 1316 4333 speculum
1328 4274 1394 4322 totus
1405 4273 1491 4324 oculus
1500 4274 1553 4325 luit.
1565 4276 1687 4328 candidae
1697 4292 1774 4343 geue,

111 4368 136 4404 ⁴⁵
150 4345 307 4425 κάτοπτρον.
324 4343 429 4423 11⁹1?ssil
441 4343 520 4413 λευκὴ
530 4389 538 4415 ν
549 4342 579 4402 τὸ
594 4341 686 4402 λευκὸν
702 4342 828 4421 ἄκρατον,
839 4346 864 4411 ⁵³<
875 4341 934 4404 ὅσον
979 4383 1028 4432 qua
1042 4375 1110 4432 parte
1121 4371 1274 4433 purissimum
1285 4373 1413 4424 candorem
1426 4374 1500 4424 rubor
1513 4373 1595 4424 nullus
1612 4375 1687 4426 vitiat
1698 4393 1707 4440 ς
1719 4389 1774 4428 nam

151 4436 197 4492 οὐκ
207 4433 392 4513 ἠρυθραίνετο,
404 4432 433 4492 τό
444 4432 523 4510 μέσον
535 4430 651 4515 ἐρυθρδν,
664 4432 769 4512 ἐρυθρὸν
779 4432 935 4512 διεσπασμέ·

150 4545 193 4580 νον
207 4525 252 4582 καί
266 4514 317 4582 οἷον
332 4523 538 4603 διεσπαρμένον,
550 4525 599 4601 οὐχ
613 4513 665 4580 οἶον
681 4523 791 4580 πλάττει
806 4523 874 4602 χείρ,
889 4525 934 4583 καί

150 4609 231 4690 τέχνη
241 4613 346 4691 βάπτει,
359 4613 402 4671 καίΙ
412 4612 457 4679 νὺξ
470 4613 607 4691 μαραίνει,
623 4615 668 4670 καὶ
678 4612 747 4692 [ίδωρ
756 4613 886 4676 ἐκπλύνει.
896 4616 934 4722 Τὸ
980 4671 1034 4727 χχ,
1044 4668 1137 4731 quim
1149 4673 1222 4718 noem
1235 4675 1340 4732 mam,
1353 4672 1395 4719 aut
1408 4681 1471 4732 aqua
1480 4668 1583 4719 mmm·
1601 4672 1636 4721 0⁸
1645 4671 1775 4723 mm

152 4698 236 4776 στόμα
252 4700 407 4780 συμμέτρως
421 4700 582 4782 διέρρηκται·
592 4701 623 4760 τδ
639 4702 704 4760 πολὺ
717 4707 764 4774 τῆς
776 4702 872 4783 σαρκὸς
882 4728 933 4764 των

111 4807 136 4847 tt
151 4785 260 4864 χειλέων
276 4789 442 4869 διέρριπται,
457 4790 502 4847 καὶ
522 4789 602 4870 ἀμρω
617 4790 654 4847 τὼ
670 4791 747 4870 χειλη
763 4791 933 4873 φοινίσσεται·

980 4470 1142 4521 meditullium
1156 4471 1236 4532 rubet,
1249 4470 1291 4521 aed
1305 4473 1392 4523 rubore
1407 4474 1526 4536 separato,
1539 4486 1568 4523 ac
1581 4487 1651 4537 pane
1668 4475 1775 4528 dlumim

979 4583 1078 4633 sparso,
1091 4573 1163 4634 atque
1176 4570 1216 4619 ille
1226 4570 1298 4620 rubor
1310 4584 1359 4621 non
1370 4585 1444 4622 manu
1455 4571 1561 4633 fictitius,
1574 4584 1625 4622 non
1636 4576 1694 4626 arta
1705 4575 1774 4627 luca·

981 4767 1103 4833 patulum,
1118 4769 1239 4833 amboque
1261 4783 1310 4819 nou
1328 4782 1428 4819 carnosa
1451 4767 1582 4818 admodum
1609 4770 1773 4833 purpuraulla

151 4873 233 4941 εἴποις
247 4875 277 4934 ἀν
297 4879 357 4936 ἰδὼν
376 4879 449 4962 ῥόδον
462 4879 582 4960 ἐκθλίψαι
594 4879 641 4952 τὴν
659 4880 738 4958 κόρην
754 4881 808 4946 τοῖς
825 4882 934 4959 χείλεσι.
979 4865 1055 4929 'am’
1068 4865 1166 4929 q⁰¹b⁰⁵i
1179 4864 1199 4914 εἰ
1213 4863 1305 4923 'idm'
1320 4863 1426 4927 puellm
1440 4874 1507 4912 ‘⁰⁸⁸⁸
1523 4861 1638 4925 ΡΜ
1652 4863 1773 4914 ‘mm

151 4963 235 5043 Χορός
250 4964 360 5026 ὀδόντων
369 4967 460 5034 λευκὸς
468 5013 477 5043 ,
494 4967 645 5047 συστοιχίαν
659 4966 743 5048 ρέρων
757 4967 931 5048 εὐάρμοστον,

980 4963 1095 5013 Dentium
1108 4961 1196 5010 chorus
1211 4960 1326 5010 candidus
1349 4958 1499 5023 aptissimum
1517 4956 1629 5008 ordinem
1649 4960 1774 5023 prmbene,

151 5051 196 5112 καί
208 5052 271 5134 πρὸς
286 5053 315 5111 τὸ
327 5056 413 5134 χεῖλος
427 5058 565 5135 ἀνάλογον,
580 5061 616 5124 ὡς
630 5056 760 5135 παρθένου
774 5064 828 5123 τοῖς
842 5058 935 5138 χείλε-
979 5071 1009 5107 ⁸0
1034 5057 1107 5107 labili
1127 5055 1395 5115 wssifflifflfiissimllffl·
1420 5052 1558 5117 puellasque
1576 5051 1678 5104 ¹⁸b⁰ffi⁸
1695 5053 1773 5104 '⁶⁰¹5

153 5165 192 5201 σιν
203 5144 406 5217 οἰκουροιίμενοι.
450 5143 530 5206 'Otos
546 5145 576 5205 τὸ
589 5145 728 5225 πρόσωπον
742 5147 836 5213 κύκλος
846 5149 935 5206 ἀνεπι-

982 5155 1050 5216 septo
1063 5154 1131 5202 tutus
1149 5154 1285 5214 tectusque.
1320 5151 1429 5213 nenium
1444 5149 1495 5200 tota
1510 5147 1581 5197 iacies
1596 5146 1707 5199 circulus
1719 5160 1772 5214 psa·
