3726 5692
188 374 225 420 aa
843 359 1021 420 aceruus
1043 361 1151 420 rann
1210 344 1212 349 ’

228 492 289 552 ΙΛ’.
307 494 401 551 Ταῦτα
413 490 460 566 μὲν
474 480 518 547 οῦν
533 489 654 567 ἐθρήνουν
669 493 773 569 ἡσυχῇ,
787 488 876 549 κλάειν
892 493 915 548 δ’
928 492 975 549 οὐκ

186 579 333 655 ἠδυνάμην.
377 582 463 640 Τοῦτο
488 576 617 658 γδιρίδιον
639 582 691 636 τῶν
716 580 858 658 ὀφθαλμῶν
878 581 904 636 ἐν
923 589 975 644 τοῖς

189 669 315 744 μεγάλοις
329 670 429 733 κακοῖς.
472 666 520 726 Ἐν
535 666 582 742 μὲν
604 666 655 746 γάρ
670 667 726 733 ταῖς
745 666 863 747 μετρίαις
875 690 977 747 συμφο-

188 760 245 834 ραῖς
269 754 384 836 ἀφθόνως
405 753 438 812 τδι
464 754 564 830 δάκρυα
581 758 709 835 καταρρεῖ
725 754 771 814 καλ
787 754 842 814 ἐστι
856 759 909 823 τοῖς
923 755 976 813 πά·

162 866 295 921 ςσχουσιν
306 844 342 908 είς
353 840 413 909 τοῦς
432 842 589 909 κολάζοντας
602 841 722 921 ἱκετηρία
739 841 785 900 καὶ
795 841 854 909 τούς
867 845 975 921 ἀλγοῦν-

186 955 250 1003 τας,
263 929 353 1008 ώσπερ
377 933 422 988 ἀπ’
438 932 567 995 οἰδοῦντος
581 930 745 1009 τραύματος,
769 929 934 998 ίξεκένωσεν·
949 933 976 989 ἐν

189 1019 220 1077 δέ
239 1027 292 1085 τοῖς
313 1018 508 1096 ύπερύάλλουσι
530 1020 619 1083 δεινοῖς
642 1017 731 1098 φεύγει
751 1019 798 1077 καλ
821 1017 854 1077 τά
876 1019 976 1098 δάκρυα

187 1107 232 1165 καὶ
246 1106 390 1187 προδίδωσι
408 1105 527 1173 καὶτοὺς
546 1106 704 1186 ὀφθαλμούς.
747 1106 912 1185 Ἐντυχοῦσα
926 1105 976 1186 γδιρ

189 1197 274 1261 αὐτοῖς
296 1194 481 1254 ἀναβαίνουσιν
509 1199 526 1266 ἡ
549 1194 635 1267 λύπη,
654 1193 743 1265 ίστησί
764 1218 793 1253 τε
816 1194 863 1266 τήν
889 1193 976 1271 ἀκμήν

149 1313 175 1354 lu
188 1283 232 1342 καλ
253 1283 419 1362 μετοχετεύει
442 1281 627 1362 καταφέροντα
642 1281 689 1340 σῦν
707 1286 774 1361 αὑτῇ
797 1282 886 1342 κάτω·
901 1281 935 1341 τδι
954 1285 977 1340 δ’

188 1373 367 1452 ἐκτρεπόμενα
381 1375 428 1441 τῆς
447 1372 490 1430 ἐπὶ
505 1370 564 1437 τοὺς
579 1370 728 1449 ὀφθαλμοὺς
743 1372 804 1430 ὁδοῦ
819 1373 854 1438 εἷς
865 1369 912 1442 τήν
926 1376 976 1454 ψυ-

187 1461 239 1541 χὴν
260 1468 386 1539 καταρρεῖ
408 1460 453 1518 καλ
474 1459 659 1539 χαλεπώτερον
673 1460 753 1531 αὐτῆς
766 1463 837 1518 ποιεῖ
852 1458 881 1516 rb
895 1465 975 1540 τραῦ-

189 1572 238 1625 μα.
281 1548 360 1624 Λέγω
373 1538 417 1606 οῦν
428 1547 494 1627 πρὸς
505 1546 552 1617 τήν
572 1548 728 1621 Λευκίππην
743 1547 830 1606 πάντα
843 1550 976 1624 σιγῶσαν·

188 1635 224 1696 Τί
232 1644 317 1714 σιγᾷς,
327 1635 438 1715 φιλτάτη
453 1634 499 1693 καί
509 1634 581 1693 οὐδέν
600 1659 645 1713 μοι
659 1638 761 1708 λαλεῑςς
774 1633 840 1694 Ὅτι
851 1658 904 1710 μοι,
917 1636 976 1716 ἔφη,

149 1754 173 1794 15
188 1723 239 1803 πρδ
250 1728 297 1794 τῆς
311 1726 411 1804 ψυχῆς,
426 1724 588 1803 Κλειτοφῶν,
600 1722 722 1795 τέθνηκεν
735 1727 752 1795 ἡ
766 1722 849 1805 φωνή.

229 1814 286 1873 ΙΒ’.
300 1811 384 1872 Ταῦθ’
399 1816 470 1888 ἡμᾶς
482 1811 680 1888 διαλεγομένους
697 1811 787 1871 ἔλαθεν
799 1810 888 1890 ἡμέρα
903 1834 977 1890 γενο-

190 1900 271 1976 μένη·
286 1899 331 1958 καί
347 1924 385 1965 τις
399 1898 479 1958 ἵππον
501 1901 651 1959 ἐπελαύνων
670 1901 792 1979 ἔρχεται,
812 1900 896 1977 κόμην
910 1900 977 1979 ἔχων

187 1987 287 2058 πολλὴν
308 1988 353 2046 καὶ
375 1987 481 2068 ἀγρίαν·
498 1988 581 2063 ἐκόμα
597 1988 623 2046 δέ
647 1989 691 2046 καλ
712 1993 725 2045 θ
747 1986 834 2055 ἵππος.
877 1988 978 2064 Γυμνδς

187 2068 219 2147 ήν
233 2076 344 2147 θῖππος,
357 2077 524 2155 [ἄστρωτος]
535 2076 581 2134 καὶ
594 2077 641 2133 οὐκ
654 2065 709 2154 εἶχε
723 2077 840 2155 φάλαρα.
883 2078 977 2134 Τοιοῦ·

149 2195 176 2234 20
190 2165 292 2243 τοιγὰρ
308 2166 363 2231 τοῖς
377 2166 487 2242 λῃσταῖς
501 2167 565 2223 εἰσιν
576 2166 599 2223 οἱ
612 2162 700 2223 ίπποι.
745 2164 808 2223 ’Λπδ
822 2163 849 2222 δὲ
863 2170 908 2221 τοῦ
924 2166 978 2244 λγ,-

191 2254 307 2335 στάρχνν
322 2257 409 2332 παρῆν
424 2252 487 2325 καὶ,
514 2252 549 2313 Εἴ
571 2276 620 2329 τις,
640 2252 705 2331 ἔφη,
726 2251 853 2332 παρθένος
868 2250 937 2310 ἐστίν
952 2255 978 2310 ἐν

190 2349 243 2406 τοῖς
258 2341 446 2418 είλημμένοις,
472 2340 570 2412 ταύτην
586 2339 697 2418 ἀπάγειν
711 2341 776 2420 πρὸς
792 2341 837 2400 τὸν
858 2341 926 2413 θεὸν,
942 2345 977 2399 ἱε-

191 2430 395 2510 ρεῖονέσομένην
407 2430 453 2488 καὶ
470 2430 610 2510 καθάρσιον
624 2434 669 2488 τοῦ
685 2436 808 2509 στρατοῦ.
852 2432 886 2490 Ol
901 2429 923 2487 δ’
935 2431 978 2488 ἐπὶ

189 2518 238 2589 τήν
253 2517 409 2590 Λευκίππην
431 2517 505 2585 εὐθὺς
519 2517 672 2596 τρέπονται·
693 2521 710 2588 ἠ
727 2519 750 2575 δ’
766 2518 853 2598 εἴχετό
868 2540 918 2595 μου
933 2520 978 2577 καὶ

149 2638 176 2677 ης
190 2605 347 2685 ἐξεκρέματο
363 2610 463 2685 βοῶσα.
506 2609 568 2667 Τῶν
583 2605 610 2664 δέ
620 2608 725 2685 λῃστῶν
739 2610 762 2665 oi
775 2606 822 2684 μὲν
837 2607 979 2678 ἀπέσπων,

189 2696 213 2752 σί
230 2693 252 2751 δ’
269 2693 387 2752 ἔτυπτον·
403 2693 530 2753 ἀπέσπων
547 2693 595 2772 μὲν
611 2693 659 2766 τήν
674 2695 851 2770 Λευκίππην,
868 2693 978 2754 ἔτυπτον

190 2783 212 2839 δ’
235 2781 293 2858 ἐμέ.
335 2781 481 2861 ’Λράμενοι
500 2773 544 2842 οῦν
566 2781 646 2854 αὐτήν
666 2783 797 2865 μετέωρον
822 2783 977 2863 ἀπάγουσιν·

189 2872 261 2952 ἡμᾶς
273 2871 300 2929 δὲ
310 2870 379 2929 κατὰ
394 2870 492 2949 σχολήν
505 2861 569 2947 ήγον
581 2870 740 2947 δεδεμένους.

230 2959 284 3020 ΙΓ’.
301 2958 354 3018 Καὶ
368 2960 426 3016 ἐπεὶ
440 2957 486 3017 δύο
501 2958 619 3026 σταδίους
633 2963 679 3030 τῆς
693 2959 785 3037 κώμης
801 2963 976 3038 προήλθομεν,

150 3073 177 3113 so
193 3047 345 3123 ἀλαλαγμὸς
369 3048 493 3106 ἀκούεται
518 3046 600 3114 πολὺς
618 3049 664 3106 καὶ
687 3049 831 3127 σάλπιγγος
850 3040 914 3128 ἦχος
934 3050 980 3107 καὶ

190 3133 465 3215 ἐπιφαίνεταιφάλαγξ
475 3137 661 3215 στρατιωτική,
673 3137 781 3217 [πάντες
792 3140 920 3210 ostiam.
944 3141 979 3196 Ol

191 3226 218 3282 δὲ
228 3223 324 3303 λῃσταὶ
339 3224 504 3301 κατιδόντες,
517 3229 589 3302 ἡμᾶς
603 3224 698 3303 μέσους
710 3227 877 3293 διαλαθόντες
889 3227 979 3302 ἔμενον

191 3313 325 3385 ἐπιόντας,
339 3315 374 3379 ώς
389 3311 480 3379 αὐτούς
493 3315 679 3390 ἀμυνούμενοι.
726 3315 780 3375 Καὶ
796 3317 853 3392 μετ’
866 3317 895 3373 οῦ
912 3314 978 3372 πολύ

190 3406 314 3482 παρῆσαν
326 3400 489 3473 πεντήκοντα
503 3402 547 3460 τὸν
566 3403 684 3482 ἀριθμὸν,
707 3403 801 3467 πάντες
820 3405 940 3473 ὁπλῖται,
955 3405 978 3459 οί

150 3518 176 3556 nc
192 3493 239 3570 μέν
254 3493 374 3573 ποδήρεις
387 3493 491 3572 ἔχοντες
505 3493 551 3558 τὰς
563 3493 691 3564 ἀσπίδας,
706 3495 729 3549 ot
746 3492 772 3549 δὲ
786 3493 899 3557 πέλτας·
914 3495 936 3548 ot
952 3489 978 3548 δὲ

158 3646 165 3661 ³
191 3583 286 3659 λῃσταὶ
297 3583 387 3661 πολλῷ
397 3581 502 3647 πλείους
515 3583 604 3654 ὄντες,
618 3581 716 3659 βώλους
729 3580 780 3637 ἀπὸ
792 3584 839 3651 τῆς
850 3583 897 3656 γῆς
909 3581 979 3655 λαμ-

192 3669 315 3735 θείνοντες
326 3667 385 3736 τοὺς
396 3668 558 3748 στρατιώτας
569 3670 692 3728 ἐθαλλον.
732 3668 840 3734 ΙΠαντὸς
850 3666 876 3726 δέ
890 3666 979 3747 βέλους

190 3758 375 3838 χαλεπώτερος
391 3760 474 3836 βῶλος
493 3757 651 3834 Αἰγύπτιος,
677 3758 757 3838 βαρύς
768 3781 797 3816 τε
818 3756 863 3817 καὶ
881 3756 979 3837 τραχὺς

191 3849 236 3904 καὶ
248 3847 401 3923 ἀνώμαλος·
412 3846 441 3905 τδ
454 3848 477 3904 δ’
489 3844 628 3924 ἀνώμαλόν
638 3849 707 3904 ἐστιν
719 3847 816 3926 αἰχμαί
826 3849 877 3904 τῶν
891 3846 978 3904 λίθων·

150 3960 178 3998 ευ
191 3933 258 3992 ώστε
274 3935 378 4012 βληθείς
403 3936 510 3994 διπλοῦν
525 3943 593 3993 ποιεῖ
612 3936 638 3993 ἐν
655 3937 743 4015 ταύτῷ
760 3934 790 3993 τδ
812 3940 917 4014 τραῦμα
934 3936 979 3993 καὶ

190 4021 303 4098 οἴδημα,
317 4026 351 4089 ὡς
381 4023 434 4082 ἀπὸ
455 4024 541 4096 λίθου,
561 4022 605 4082 καί
626 4021 723 4100 τομδις,
749 4026 783 4089 ώς
804 4022 856 4080 ἀπὸ
876 4022 976 4102 βελους.

191 4110 269 4169 ’nili
290 4113 380 4188 ταῖςγ
413 4135 518 4170 ασπισιν
538 4114 705 4191 ἐκοεχομενοι
729 4111 787 4178 τοὺς
813 4111 898 4178 λίθους
920 4112 979 4170 ὀλί-

190 4223 235 4275 γον
249 4205 301 4258 τῶν
315 4201 465 4278 βαλλόντων
489 4199 645 4281 ἐφρόντιζον.
690 4199 768 4260 Ἐπεὶ
780 4190 824 4259 οῦν
842 4198 940 4274 ἔκαμον
955 4205 978 4259 οἱ

190 4291 286 4368 λῃσταὶ
310 4291 465 4370 βάλλοντες,
487 4289 619 4366 ἀνοίγουσι
640 4288 688 4367 μὲν
709 4291 732 4346 ol
754 4293 913 4366 στρατιῶται
932 4287 979 4358 τήν

150 4401 175 4438 ετ»
191 4379 333 4457 φάλαγγα,
352 4378 468 4436 ἐκθέουσι
488 4380 511 4435 δ’
529 4377 582 4435 ἀπὸ
599 4381 651 4434 τῶν
672 4375 759 4434 δ’πλων
776 4376 866 4455 ἄνδρες
880 4375 980 4456 κούφως

192 4466 362 4543 ἐσταλμένοι,
386 4466 471 4548 φέρων
500 4465 601 4545 αἰχμήν
626 4464 734 4531 ἕκαστος
756 4463 801 4522 καὶ
825 4463 910 4544 ξίφος,
935 4464 979 4521 καὶ

192 4555 368 4623 ἀκοντίζουσιν
384 4554 458 4631 ἅμα,
475 4555 521 4613 καὶ
542 4545 598 4632 [ἦν]
625 4552 706 4619 οὐδεὶς
728 4551 756 4618 δς
776 4554 823 4611 ούκ
844 4551 977 4631 ἐπέτυχεν.

192 4634 247 4700 Elo'
265 4646 288 4700 οἱ
309 4645 415 4701 ὁπλῖται
437 4642 605 4723 προσέρρεον·
628 4641 673 4699 καὶ
688 4632 720 4712 ἦν
738 4647 755 4712 ἠ
771 4639 845 4720 μάχη
866 4640 979 4719 στερρὰ,

84 4750 90 4763 ·
191 4729 292 4806 πληγαὶ
307 4733 333 4788 δὲ
346 4735 409 4809 παρ’
424 4730 577 4812 ἀμφοτέρων
595 4730 640 4787 καὶ
652 4729 792 4809 τραύματα
808 4728 853 4788 καὶ
868 4730 977 4808 σφαγαί.

152 4843 178 4880 so
195 4817 248 4876 Καὶ
261 4817 290 4875 τὸ
311 4820 357 4894 μὲν
373 4820 496 4900 ἔμπειρον
511 4819 584 4898 παρὰ
609 4822 662 4883 τοῖς
680 4815 852 4898 στρατιώταις
866 4817 979 4888 ἀνεπλή-

195 4930 238 4985 ρου
253 4911 298 4962 τοῦ
308 4906 421 4976 πλήθους
434 4910 463 4967 τὸ
476 4909 569 4975 ἐνδεές.
611 4907 705 4985 Ἡμεῖς
717 4906 739 4965 δ’
749 4906 805 4965 όσοι
817 4911 868 4964 τῶν
879 4909 925 4984 αἰχ
927 4930 979 4982 μα-

194 4995 285 5052 λώτων
297 4986 374 5068 ήμεν,
386 4996 591 5071 ἐπιτηρήσαντες
608 4995 637 5054 cd
649 5000 743 5054 πονοῦν
756 4997 808 5052 τῶν
821 4995 924 5073 λῃστῶν
937 4991 980 5068 με’·

195 5105 248 5162 ρος,
256 5081 693 5161 ἀμασυνελθόντεςδιακόπτυμέντ’
705 5085 791 5141 αὐτῶν
800 5081 848 5151 τήν
857 5080 980 5161 φάλαγγα

194 5170 239 5228 καὶ
252 5170 295 5229 ἐπὶ
306 5169 364 5235 τοῦς
378 5170 506 5236 ἐναντίους
520 5172 688 5251 ἐκτρέχομεν.
731 5173 767 5231 Ol
780 5169 807 5228 δὲ
822 5170 981 5247 στρατιῶται

1051 497 1094 545 xl.
1108 498 1159 545 Hoc
1173 507 1230 544 sane
1241 498 1312 558 pacto
1324 509 1419 545 mecum
1437 497 1523 547 tacitus
1535 498 1686 548 lamentabar
1702 514 1809 551 :verum

1022 585 1148 646 lacrymas,
1160 585 1225 646 quod
1236 585 1261 632 in
1270 585 1406 647 ingentibus
1419 587 1489 635 malis
1503 587 1609 636 manime
1622 589 1747 652 proprium
1760 595 1810 650 est,

1022 671 1167 736 profundere
1177 671 1314 734 nequibam.
1348 673 1478 723 Enimvero
1489 674 1650 725 mediocribus
1659 676 1684 725 in
1695 678 1765 727 malis
1774 679 1810 727 la·

1020 774 1110 824 crymae
1121 759 1218 809 abunde
1229 762 1336 821 manant,
1349 774 1378 810 ac
1387 762 1500 824 precandi
1514 776 1614 812 munere
1624 777 1667 826 pro
1675 765 1713 827 iis,
1730 765 1773 828 qui
1784 766 1810 815 in

1021 849 1158 899 calamitate
1164 848 1261 911 degunt,
1266 849 1576 913 apudinlortuniiauctores
1585 852 1728 913 iunguntur,
1739 853 1809 903 dolo·

1021 950 1121 1001 remque
1131 938 1253 999 minuunt,
1262 939 1289 988 ut
1296 939 1404 988 ulcerum
1412 941 1518 988 tumores
1529 953 1606 1002 quum
1614 940 1809 1004 disrumpuntur,

1021 1027 1045 1074 in
1060 1016 1268 1089 exsuperantibus'
1280 1029 1362 1077 autern
1384 1027 1519 1090 retugium,
1537 1029 1670 1092 oculosque
1688 1030 1810 1080 deserunt

1022 1117 1112 1165 iloeror
1121 1115 1185 1164 enim
1195 1116 1261 1165 exire
1269 1116 1410 1178 parantibus
1419 1116 1515 1165 obviam
1524 1117 1602 1165 iactus
1612 1130 1696 1167 earum
1707 1118 1757 1168 mm
1770 1133 1810 1169 re·

1021 1200 1133 1250 tardatet
1142 1214 1192 1250 una
1206 1214 1288 1250 secum
1297 1201 1397 1251 adimas
1414 1204 1518 1265 pectoris
1533 1208 1612 1266 partes
1624 1206 1695 1269 rapit.
1730 1210 1810 1266 Quam

1021 1288 1053 1337 ob
1070 1302 1121 1339 rein
1137 1289 1168 1338 de
1192 1290 1318 1339 oculorum
1339 1291 1378 1339 ria
1397 1290 1550 1343 delleclentes
1568 1293 1677 1344 animum
1697 1295 1809 1357 pulsant,

1022 1376 1134 1439 illiusque
1149 1391 1263 1440 augurem
1275 1379 1363 1427 rnirurn
1382 1381 1406 1428 in
1423 1380 1523 1429 moduni
1538 1386 1635 1444 augent.
1669 1382 1763 1432 Deinde
1779 1384 1811 1433 ad

1025 1467 1161 1528 Leucippen
1173 1466 1226 1528 jam
1237 1480 1334 1530 prorsus
1342 1469 1549 1519 obmutescentem
1561 1484 1703 1532 conversus,
1713 1474 1769 1529 Qua
1780 1470 1814 1522 de

1022 1566 1103 1612 causa,
1116 1553 1225 1616 inquam,
1238 1557 1356 1619 Leucippe
1367 1558 1521 1618 suavissima,
1535 1563 1601 1609 taces
1614 1573 1660 1610 nec
1674 1560 1809 1623 quidquam

1022 1642 1080 1690 milii
1093 1641 1168 1690 dicis?
1180 1645 1242 1691 Tum
1251 1643 1304 1705 illa,
1317 1645 1379 1702 eria
1391 1659 1439 1694 vox
1455 1660 1509 1706 me,
1522 1647 1619 1709 inquit,
1638 1662 1654 1696 o
1671 1648 1810 1711 Clitoplion‚

1022 1737 1096 1797 prius,
1108 1749 1182 1798 quam
1196 1737 1303 1799 spiritus,
1313 1737 1409 1787 deiecit.

1052 1833 1107 1880 xll.
1120 1834 1178 1881 llaec
1196 1831 1254 1881 diam
1274 1832 1437 1895 loqueremur,
1456 1833 1510 1883 dies
1525 1833 1594 1883 nobis
1608 1835 1674 1883 lraud
1685 1836 1811 1887 adverten-

1022 1926 1087 1977 tibus
1102 1928 1182 1978 illuxit
1196 1942 1241 1978 zac
1250 1931 1303 1979 tum
1318 1930 1398 1979 nescio
1413 1931 1468 1992 quls
1479 1932 1596 1992 promissa
1606 1934 1630 1981 et
1640 1931 1733 1982 inculta
1743 1945 1812 1981 corna

1023 2023 1182 2084 introgressus
1199 2025 1245 2084 est,
1257 2035 1321 2085 equo
1340 2024 1457 2072 advectus
1474 2024 1580 2073 maximo
1590 2025 1683 2085 iubata,
1696 2025 1812 2089 nudoque

1022 2121 1103 2169 stratis
1118 2122 1143 2168 et
1157 2119 1268 2181 phaleris.
1303 2119 1425 2182 Ejusmodi
1444 2120 1508 2168 enirn
1528 2120 1649 2170 latronum
1668 2124 1727 2170 sunt
1745 2123 1810 2186 equi.

1024 2219 1081 2265 Erat
1090 2217 1109 2264 is
1119 2228 1133 2264 a
1142 2216 1263 2265 latronum
1273 2215 1380 2279 principe
1389 2217 1476 2265 missus
1485 2219 1518 2275 ot,
1531 2216 1609 2278 siqua
1621 2217 1683 2266 inter
1692 2218 1813 2281 captivos,

1023 2310 1110 2372 inquit,
1121 2311 1188 2371 virgo
1195 2310 1271 2369 adest,
1279 2323 1333 2358 eam
1340 2310 1459 2359 abducere
1470 2323 1510 2358 me
1516 2313 1622 2372 oportet,
1629 2310 1668 2360 dei
1675 2312 1812 2374 victimam,

1023 2403 1144 2453 exercitus
1155 2404 1277 2466 piaculum
1291 2405 1407 2453 loturam.
1440 2407 1502 2453 Tum
1510 2402 1621 2453 custodes
1632 2404 1664 2453 ad
1675 2405 1813 2470 Leucippen

1023 2501 1103 2550 statim
1133 2504 1316 2550 converterunt.
1351 2501 1393 2550 llla
1416 2513 1474 2549 vero
1494 2513 1533 2548 mc
1552 2500 1678 2562 complexa
1706 2503 1732 2551 et
1752 2502 1813 2553 milii

1022 2594 1148 2644 adherens
1159 2595 1283 2644 lamentari
1295 2597 1376 2657 coepit.
1409 2597 1429 2643 E
1445 2593 1579 2643 latronibus
1593 2595 1634 2644 aiii
1652 2608 1706 2645 eam
1717 2597 1813 2647 abstra-

1024 2690 1126 2749 hebent,
1144 2688 1184 2738 alii
1202 2702 1242 2739 mo
1260 2689 1394 2739 caedebant.
1436 2692 1544 2741 Tandem
1563 2690 1691 2741 sublimem
1718 2695 1815 2755 raptam

1023 2786 1221 2846 asportaverunt,
1239 2784 1334 2834 vinctos
1344 2798 1389 2834 nos
1408 2784 1504 2835 interim
1522 2785 1659 2847 parotium
1670 2797 1755 2837 εευυιιι
1767 2786 1815 2839 du·

1023 2884 1111 2932 centes.

1055 2973 1121 3021 ltili.
1132 2973 1290 3033 Posteaquam
1302 2971 1379 3021 stadia
1388 2971 1438 3021 duo
1449 2985 1464 3021 a
1476 2984 1536 3034 pago
1548 2972 1719 3034 processimus,
1729 2972 1816 3036 ingens

1024 3065 1093 3115 nobis
1102 3065 1194 3115 clamor
1203 3065 1317 3127 tubasque
1326 3079 1401 3115 sonus
1416 3067 1599 3126 exaudiebatur,
1610 3066 1699 3116 ‹leindo
1709 3068 1815 3120 militurn

1024 3161 1113 3225 [gravis
1123 3162 1263 3225 armaturas]
1273 3175 1360 3211 manus
1370 3163 1394 3211 iu
1404 3165 1558 3226 conspectum
1565 3177 1592 3212 se
1600 3162 1668 3213 dedit
1678 3183 1685 3213 ε
1695 3177 1771 3226 quani
1780 3165 1815 3215 si·

1024 3257 1148 3319 mulatque
1162 3257 1267 3305 latrones
1278 3256 1398 3315 viderunt,
1409 3257 1479 3306 nobis
1487 3257 1512 3305 in
1521 3270 1605 3306 eorrrm
1619 3256 1700 3306 medio
1712 3258 1814 3309 condu-

1023 3355 1069 3413 sis‚
1082 3353 1111 3402 ad
1134 3351 1293 3402 resistendum
1314 3352 1391 3414 parali
1409 3353 1581 3415 substiterunt,
1603 3356 1677 3416 atque
1695 3353 1763 3404 lraud
1780 3356 1815 3406 ite

1025 3450 1102 3499 multo
1115 3453 1168 3512 post
1182 3449 1228 3498 viri
1239 3448 1413 3512 quinquaginta
1431 3451 1504 3499 armis
1515 3450 1573 3500 tecti
1588 3465 1688 3514 omnes,
1708 3466 1815 3517 quorum

1023 3548 1063 3596 alii
1078 3546 1155 3609 longis
1163 3546 1194 3596 ad
1204 3545 1275 3608 pedes
1285 3559 1370 3607 usque,
1379 3546 1420 3595 alii
1430 3547 1579 3596 brevioribus
1588 3548 1663 3597 scutis
1672 3549 1814 3607 utebantur.

1024 3643 1200 3704 processerunt.
1234 3642 1364 3701 Latrones,
1383 3654 1488 3702 quorum
1508 3654 1624 3691 numerus
1644 3643 1724 3693 inulto
1735 3644 1815 3707 mmor

1023 3738 1585 3803 crat,sublatasqlebasinmilitasproJiciebant.
1619 3743 1815 3806 AEgyptiaporro

1023 3838 1091 3900 gleba
1105 3837 1153 3887 telo
1163 3837 1250 3899 quovis
1259 3835 1414 3898 perniciosior
1428 3839 1464 3885 est
1475 3851 1481 3883 ε
1492 3836 1570 3897 gravis
1579 3838 1657 3896 enim,
1668 3839 1731 3888 dura
1742 3842 1769 3890 ot
1778 3853 1815 3892 as·

1024 3949 1081 3998 pora
1095 3936 1168 3996 atque
1177 3933 1330 3995 asperitatem
1346 3932 1508 3992 prominentes
1521 3931 1577 3981 lrinc
1588 3933 1645 3984 inde
1656 3933 1768 3998 cuspides
1778 3936 1815 3999 gi·

1024 4036 1110 4093 gnunt.
1142 4036 1177 4080 Ea
1187 4030 1217 4078 sle
1229 4044 1255 4079 re
1266 4030 1302 4089 nt,
1312 4034 1338 4077 ul
1351 4029 1459 4089 conjecta
1467 4029 1581 4079 bilariam
1589 4030 1662 4081 laedat
1673 4046 1679 4080 :
1689 4035 1815 4083 tirmoreni

1024 4128 1087 4176 enirn
1098 4139 1142 4174 ceu
1151 4126 1211 4187 lapis
1220 4126 1244 4173 et
1263 4123 1351 4172 vulnus
1366 4137 1410 4172 ceu
1421 4123 1528 4184 jaculum
1544 4125 1626 4174 eflicit.
1659 4130 1753 4177 Verum
1766 4128 1816 4178 mi·

1024 4223 1077 4270 lites
1093 4219 1174 4281 glebas
1191 4219 1265 4268 scutis
1275 4217 1421 4278 excipientes
1435 4217 1580 4277 jaculatores
1598 4219 1665 4268 nilrilr
1682 4220 1815 4273 iaciebat

1025 4312 1183 4376 Posteaquam
1197 4312 1222 4360 bi
1239 4311 1387 4372 conjiciendo
1406 4311 1528 4373 defatigati
1541 4313 1651 4373 luerunt,
1671 4313 1706 4363 illi
1727 4326 1817 4377 agmen

1024 4407 1171 4469 aperuerunt
1182 4422 1188 4453 ε
1199 4403 1274 4465 etqui
1284 4402 1369 4451 leviter
1381 4404 1469 4451 armati
1480 4407 1560 4465 erant,
1572 4405 1654 4453 statim
1669 4417 1701 4454 ex
1717 4407 1818 4468 agmina

1024 4506 1198 4568 procurrerunt
1205 4522 1211 4551 ι
1219 4516 1323 4565 quorum
1333 4502 1515 4564 siugulimissile
1524 4517 1553 4552 ac
1562 4503 1667 4564 gladium
1677 4505 1818 4569 gestabant,

1025 4605 1049 4650 et
1059 4601 1131 4650 simul
1140 4597 1241 4661 iaculati
1257 4609 1341 4645 omues
1350 4599 1416 4659 sunt,
1424 4610 1503 4660 neque
1512 4611 1590 4646 vanus
1597 4598 1740 4661 cujusquam
1751 4599 1819 4652 ictus

1027 4697 1080 4745 luit.
1113 4694 1205 4744 Deinde
1216 4693 1296 4755 gravis
1305 4692 1593 4743 armaturaseseeiiudit.
1628 4696 1820 4756 Pugnatumost

1025 4789 1818 4852 consortiari,plagaequeaccaedesetvulneraultrocitroqueillata.
1844 4856 1848 4861 Ι

1025 4884 1604 4946 Quodmilitumuumerodeerat‚ususcxplebat.
1637 4887 1821 4949 Nosquotquot

1026 4987 1113 5049 captivi
1123 4999 1233 5045 cramus,
1243 4987 1364 5035 latronum
1375 4985 1450 5034 aciem
1459 4984 1569 5034 laborare
1577 4984 1697 5044 ridentes,
1712 4984 1780 5034 lacto
1789 4984 1820 5035 si·

1025 5082 1076 5130 niul
1085 5081 1187 5144 agmine,
1200 5092 1334 5143 eorumque
1342 5078 1466 5128 ordinibus
1477 5080 1606 5142 perrrrptis,
1616 5078 1647 5127 ad
1658 5078 1740 5127 bosles
1750 5081 1820 5128 tran·

1025 5177 1134 5227 sivimus.
1168 5176 1256 5226 Milites
1268 5177 1305 5226 uti
1320 5190 1345 5226 sc
1357 5188 1395 5226 res
1412 5174 1510 5223 liaberet
1522 5173 1607 5236 ignari,
1624 5186 1669 5222 nos
1685 5172 1767 5236 primo
1780 5175 1820 5224 in·
