3726 5692
792 356 905 415 LlBER
929 356 995 413 VII.

96 488 141 549 ίαὶ
156 490 254 569 Περσὶς
271 480 335 548 odone
350 488 463 566 τὸγένος
479 490 578 570 σρόδρα
593 488 720 559 ἑλληνίζει
734 488 781 558 τὴν
803 486 872 565 γνὼ-
919 494 969 547 tur.¹
1001 497 1155 559 cumquest
1169 498 1245 547 Persis
1259 511 1357 559 genere,
1371 511 1514 560 magnopere
1531 497 1624 559 ingenio
1637 500 1706 546 Gree-

96 601 148 650 ιην,
163 577 293 657 χαίρουσα
308 576 353 636 καλ
373 575 540 657 προσέχουσα
556 577 608 642 τοῖς
627 580 754 651 ἐντεῦθεν,
770 568 831 649 ἦθός
844 600 874 634 τι
919 602 960 638 cos
976 590 1094 648 imitatur,
1115 588 1221 652 gaudens
1241 589 1270 638 iis
1285 592 1310 639 et
1329 603 1356 639 se
1376 590 1512 650 obiectans,
1531 592 1572 653 qui
1589 591 1643 638 inde
1661 590 1707 639 ada

96 663 131 722 :ai
151 665 257 743 ὁμιλίαν
279 663 327 736 τῆν
342 663 502 737 Ἑλληνικὴν
517 666 552 731 εἷς
571 664 718 743 eaepdolip
736 665 871 742 θγᾶπηκῑ·
919 683 1032 743 veniunt,
1056 696 1183 744 moresque
1205 685 1230 732 et
1251 684 1449 733 consuetudinem
1467 687 1609 734 Graecorum
1634 699 1706 747 supra

96 754 212 833 θαρσῑῗέ
223 745 279 831 Οῧνν
290 758 324 819 ὡ(
339 753 370 812 σὺ
381 752 428 830 pio
438 752 487 813 ὅσα
497 756 532 819 Εἷς
543 755 637 832 ἄνδρας
651 752 872 833 Χαθθκῑῑπρᾶξων
920 775 1018 824 modum
1038 775 1201 836 amplectitur,
1236 778 1292 825 Este
1312 776 1383 838 igitur
1397 777 1460 825 bono
1480 779 1575 838 arriano,
1595 779 1661 840 qraod
1674 779 1706 829 sit

96 839 131 898 ἰαί
147 842 374 919 τ’μηθθσόμῑνθιν
390 842 488 922 ἀδελφὴ
504 844 527 900 δ’
542 846 559 912 i,
583 841 634 912 σθ,
650 842 830 922 συμπαίσῗθῑέ
845 865 873 899 ³⁵
919 870 1044 929 lutrarum,
1056 870 1084 917 ut
1096 871 1122 917 tu
1135 868 1248 917 omnibus
1263 868 1432 930 dignitatibus,
1445 882 1500 933 quaa
1516 871 1547 919 ad
1560 872 1623 919 viros
1633 871 1706 932 perti-

1648 364 1703 413 343

96 927 131 985 ’.αὶ
154 929 294 1006 συνόμιλος
318 929 439 1007 ἐσομένη.
484 928 563 988 ’nile
582 928 640 987 τίνα
663 933 735 1004 ὑμῶν
757 930 873 1005 ὀνόματα

96 1017 136 1097 [id
157 1020 378 1098 προσαγγέλλειν,
402 1021 437 1086 ὡς
462 1019 484 1077 δ’
506 1019 546 1078 ότι
565 1019 701 1098 Θεαγένην
722 1019 767 1078 καί
790 1020 873 1099 Χαρί-

96 1108 175 1164 ;λειαν
190 1107 312 1179 ἤκουσεν,
326 1109 405 1166 αὐτοῦ
422 1130 454 1183 με
468 1108 615 1187 περιμένειν
631 1111 755 1181 εἰποῦσα,
777 1112 811 1173 ὡς
825 1109 873 1179 τὴν

96 1194 215 1273 λρσάκην
238 1194 391 1274 ἀπέτρεχεν,
419 1194 572 1253 ἕπιτεέλασα
593 1196 717 1275 πρότερον
740 1195 804 1275 πρὸς
825 1196 874 1266 τὴν

98 1281 209 1361 υρωρὸν,
226 1274 277 1360 (ῆν
290 1282 319 1341 δὲ
333 1283 379 1342 καὶ
394 1280 460 1354 αὐτῆ
474 1283 574 1363 γραῦς)
590 1282 662 1350 εἴτις
681 1283 799 1363 βούλοιτο
820 1307 873 1342 πα-

98 1369 224 1447 εισιέναι,
241 1373 371 1449 μηδαμῶς
383 1371 541 1450 ἐπιτρέπειν,
558 1371 810 1445 distendebatur
828 1395 873 1430 ποι

96 1463 231 1539 υγχωρεῖν
245 1468 299 1526 τοῖς
313 1458 387 1527 νέοις.
428 1463 484 1531 Τῆς
502 1460 543 1532 δέ,
559 1462 630 1533 Μηδ’
644 1461 704 1520 δνδ
724 1471 786 1529 παις
800 1464 814 1520 δ
830 1463 874 1529 σδς

96 1547 241 1625 ιχαιμένης
263 1548 459 1626 παραγένηται,
475 1549 659 1629 ἔρωτησάσης,
681 1549 741 1630 ἄρτι
754 1549 805 1629 γὰρ
829 1551 874 1608 καὶ

96 1633 152 1693 ατὰ
165 1633 213 1706 τὴν
228 1634 276 1707 σὴν
290 1639 325 1702 είς
339 1636 383 1694 τὸν
397 1635 461 1694 νεὼν
476 1636 586 1717 πρόοδον
600 1636 760 1713 ἐξελήλυθεν,
774 1640 873 1698 έναλει·

96 1725 195 1800 ύμενος
211 1724 250 1783 τὼ
270 1724 413 1806 ὀρθαλμὼ,
433 1716 508 1784 οἶσθα
523 1725 573 1804 γδιρ
588 1730 622 1793 ὡς
645 1725 716 1807 ρέρει
740 1750 765 1786 τι
782 1727 872 1806 μικρὸν

96 1836 120 1869 τι
143 1811 302 1887 κακώσεως,
319 1815 391 1885 Μηδ’
406 1815 518 1891 ἐκεῖνος,
539 1814 715 1894 ἀπεκρίνατο,
738 1815 795 1874 ἀλλ’
811 1819 874 1873 έπι-

96 1900 244 1976 λεισαμένη
259 1900 305 1967 τδις
319 1901 397 1980 θύρας
412 1900 458 1960 καί
472 1900 519 1973 τῆν
534 1903 604 1960 κλεῖν
620 1902 687 1972 αι’ντιλι
705 1903 872 1981 κατέχουσα,

96 1989 169 2047 ια’σκε
185 1988 232 2066 έμέ
245 1988 369 2065 κομίζειν.
416 1989 509 2057 Οὕτως
523 1990 634 2066 ἐγένετο.
679 1992 732 2051 Καὶ
747 1990 819 2048 οὔπω
833 2016 873 2051 τοι

96 2077 177 2156 χεδθν
197 2083 243 2151 τῆς
268 2078 390 2150 Κυθέλης
407 2079 593 2159 χωρισθείσης,
616 2079 707 2161 καιρόν
729 2079 873 2157 ῆμόνωσις

96 2171 119 2248 ᾧ
132 2166 260 2245 Θεαγένει
275 2167 321 2226 καί
334 2173 366 2248 τῆ
382 2168 529 2248 Χαρικλείᾳ
543 2167 643 2247 θρήνων
655 2192 683 2226 τε
695 2168 740 2227 καὶ
755 2171 872 2246 θπομνή·

96 2342 179 2421 χεδόν
196 2367 221 2400 τι
243 2343 368 2422 ῥημάτων
387 2343 433 2401 καί
454 2345 593 2416 νοημάτων
617 2342 832 2424 άπωλσρύρσντο*
855 2350 871 2416 ἦ

96 2430 144 2503 ιὲν,
158 2420 181 2489 ὦ
196 2433 336 2509 Θεάγενες,
353 2432 415 2502 ddi,
431 2421 452 2489 ὦ
467 2434 623 2511 Χαρίκλεια,
639 2435 752 2511 συνεχῶς
766 2433 872 2492 ἐπιστέ-

98 2543 180 2585 σντες.
225 2520 279 2579 itai
294 2524 307 2577 ό
320 2519 377 2597 μὲν,
392 2520 441 2587 Τίς
456 2521 507 2601 άρα
528 2521 597 2601 τύχη
612 2521 691 2579 πάλιν
715 2523 871 2604 κατείληρεν

96 2611 198 2681 iudai,
209 2607 248 2684 δέ,
259 2606 376 2674 Ὁποίοις
388 2607 446 2667 ποτ’
456 2607 507 2688 ἄρα
519 2607 706 2684 σοντευξόμεθα
717 2604 872 2689 πράγμασι,

96 2695 129 2752 ’,αὶ
144 2698 185 2776 ἐφ’
202 2696 306 2777 έκάστιρ
317 2696 514 2768 συνησπάζοντο
526 2697 655 2767 ἀλλήλους
667 2695 712 2754 καὶ
727 2695 872 2777 δακρύσαν-

96 2805 125 2850 ες
148 2783 278 2842 ἀνάπαλιν
298 2785 412 2864 έρίλσυν.
458 2783 512 2843 Καὶ
536 2784 609 2850 τέλος
629 2789 674 2841 τοῦ
698 2785 872 2863 Καλασίριδσς

96 2872 308 2949 στομνησθέντες,
323 2875 359 2940 είς
372 2872 462 2938 πένθος
476 2872 506 2929 τὸ
521 2872 618 2930 ἐκείνου
632 2872 691 2938 τοὺς
705 2873 810 2951 θρήνους
824 2897 872 2931 κα-

96 2959 223 3042 ιέστρερσν
237 2961 283 3019 καὶ
298 2961 376 3020 πλέον
391 2966 407 3032 ῆ
423 2959 588 3038 Χαρίκλεια,
605 2959 651 3017 dre
664 2958 709 3017 καλ
722 2961 821 3019 πλείονι
835 2966 872 3039 τῷ

96 3048 186 3130 μόνῳ,
203 3050 318 3127 μείζονος
332 3055 379 3120 τῆς
394 3049 438 3107 ἀπ’
449 3051 528 3107 αὐτοῦ
545 3049 660 3120 σπουδῆς
674 3071 703 3106 τε
717 3047 762 3106 καί
774 3048 873 3115 εὐνοίας

96 3137 266 3218 τεπειραμένη
290 3127 398 3208 καὶ,Ὦ
422 3135 465 3194 τὸν
492 3135 650 3214 Καλάσιριν,
672 3135 795 3193 ἀνεκάλει
820 3159 873 3193 κω-

96 3224 194 3286 ιύουσα.
237 3224 277 3285 Τὸ
293 3224 344 3304 γὰρ
357 3224 536 3303 χρηστότατον
551 3223 635 3300 ὄνομα
656 3224 745 3281 καλεῖν
761 3223 873 3282 σἰπεστέ·

918 966 990 1024 nent,
1010 961 1118 1023 orneris3
1142 975 1209 1010 soror
1227 964 1309 1011 autem
1330 969 1370 1012 tua
1389 963 1512 1013 familiaris
1530 966 1554 1013 et
1574 966 1707 1015 convictrix
1802 970 1805 979 '

918 1056 981 1105 illius
990 1056 1021 1106 sit
1032 1057 1121 1105 lutura.
1154 1057 1267 1104 ceterum
1285 1069 1341 1118 quae
1352 1060 1431 1106 restra
1443 1058 1541 1107 nomina
1551 1058 1586 1108 itti
1602 1062 1707 1110 nuntiari

918 1153 1031 1212 oportet?
1046 1152 1109 1199 Cum
1125 1162 1182 1199 vero
1198 1149 1331 1212 Tbcagcuis
1347 1153 1372 1200 ct
1393 1151 1523 1201 Citarioleae
1541 1154 1661 1216 audisset,
1680 1160 1709 1206 ut

918 1238 950 1288 ibi
965 1239 1031 1288 illam
1051 1241 1202 1302 operirentur
1217 1241 1312 1304 dicens,
1334 1243 1365 1292 ad
1382 1250 1486 1294 Arsacen
1503 1249 1626 1308 cucurrit,
1647 1249 1709 1298 datis

918 1332 984 1394 prius
998 1333 1118 1384 mandatis
1129 1334 1252 1396 janitrici,
1266 1337 1337 1398 (erat
1348 1340 1431 1386 autem
1442 1343 1465 1387 et
1476 1340 1525 1400 ipsa
1537 1343 1612 1402 anus)
1627 1344 1654 1391 ut
1665 1355 1708 1390 ne·

920 1427 1009 1475 minem
1021 1427 1112 1489 ingredi
1127 1432 1258 1491 pateretur,
1271 1416 1344 1494 atque
1363 1431 1424 1481 adeo
1436 1446 1467 1481 ne
1479 1433 1545 1495 ipsos
1561 1434 1658 1497 quidem
1668 1435 1708 1495 iu·

918 1532 991 1569 venes
1002 1533 1128 1583 quoquam
1147 1523 1228 1584 egredi
1243 1524 1400 1585 permitteret.
1436 1529 1487 1575 Hac
1506 1541 1579 1590 vero,
1592 1533 1675 1593 b‘cque
1689 1532 1708 1581 si

918 1615 974 1662 tuus
986 1614 1049 1663 titius
1062 1614 1218 1665 Achaemenes
1230 1616 1364 1677 advenerit,
1375 1619 1549 1687 interrogante,
1560 1624 1633 1673 modo
1645 1625 1708 1676 enim

917 1710 942 1757 et
955 1711 1009 1770 post
1022 1712 1093 1758 tuum
1105 1710 1236 1760 discessum
1250 1712 1275 1761 lu
1287 1714 1404 1775 templum
1422 1727 1530 1776 egressus
1542 1721 1592 1777 est,
1613 1733 1707 1782 ungen-

918 1802 1004 1852 dorum
1019 1805 1146 1853 oculorum
1158 1806 1249 1867 gratia,
1260 1807 1326 1868 quod
1338 1808 1514 1871 aliquantulum
1530 1813 1610 1862 adime
1620 1815 1708 1866 doloris

918 1900 941 1945 et
953 1897 1068 1946 molestiae
1079 1898 1213 1948 sustineat:
1225 1901 1308 1962 ltaque
1320 1901 1340 1949 si
1353 1901 1393 1950 ille
1406 1904 1496 1966 veniat,
1508 1908 1629 1967 respondit
1636 1925 1643 1968 ς
1656 1909 1707 1969 sed,

911 1976 1027 2040 'obserata
1045 1992 1120 2052 janua
1142 1993 1270 2042 etclarem
1292 1994 1343 2056 ipsa
1360 1996 1424 2057 apud
1445 2000 1468 2046 te
1489 1999 1593 2060 babens,
1612 2001 1651 2050 dio
1669 2016 1708 2052 me

917 2087 1056 2147 asportasse.
1100 2087 1187 2150 sicque
1205 2088 1300 2137 accidit.
1340 2092 1403 2140 Nam
1422 2104 1478 2140 crim
1496 2093 1598 2143 eisdam
1618 2097 1708 2159 cybele

917 2180 1075 2240 abscessisset,
1085 2181 1190 2232 solitudo
1202 2183 1323 2257 'lbeagcni
1332 2189 1357 2234 et
1366 2186 1498 2237 Charicleae
1509 2189 1620 2240 luctuum
1632 2194 1657 2241 et
1669 2206 1707 2243 re·

917 2276 1063 2327 cordationis
1081 2291 1181 2326 suarum
1198 2280 1364 2329 calamitatum
1382 2285 1478 2344 tempus
1494 2284 1706 2338 subministravit:

918 2370 1050 2434 iisdemque
1061 2371 1237 2434 propemodum
1248 2373 1328 2422 verbis
1336 2376 1361 2423 et
1372 2378 1453 2424 mente
1464 2376 1550 2426 eadem
1565 2392 1616 2427 sese
1626 2379 1708 2441 deplo-

920 2467 1020 2527 rabant;
1039 2466 1080 2516 illa
1100 2467 1214 2530 quidem,
1233 2481 1248 2517 o
1268 2469 1419 2532 Theogenes,
1437 2475 1462 2522 at
1474 2472 1554 2534 ille,o
1571 2475 1708 2537 Charicles,

917 2561 1048 2611 identidem
1069 2563 1260 2624 ingemiscentes.
1294 2568 1324 2614 nt
1336 2565 1375 2614 liic
1396 2571 1537 2625 :Quaenam
1553 2570 1649 2618 turtuna
1665 2585 1709 2620 nos
1797 2630 1800 2637 Ι

917 2670 1000 2705 rumas
1011 2656 1118 2705 invasit?
1130 2659 1174 2706 llla
1188 2663 1269 2707 autem
1280 2674 1286 2708 :
1298 2663 1324 2708 ln
1336 2673 1410 2722 quem
1425 2676 1507 2710 rerum
1518 2667 1609 2712 statum
1625 2667 1707 2714 autem

917 2751 1055 2799 veniemus?
1067 2753 1154 2813 etpost
1168 2751 1261 2812 singula
1271 2752 1344 2802 rerba
1353 2755 1562 2816 amplectebantur
1573 2772 1598 2806 se
1606 2759 1707 2808 irivicem

917 2846 941 2892 et
960 2857 1042 2892 rursus
1059 2856 1116 2891 cum
1136 2843 1318 2895 illacrimassent
1336 2846 1563 2898 dissuariabantur:
1584 2855 1706 2912 postremo

918 2938 1052 2987 Calasiridis
1075 2940 1207 2998 recordati,
1229 2941 1252 2989 iu
1277 2941 1339 2990 illius
1360 2942 1453 2991 luctum
1471 2944 1579 3003 ploratus
1603 2947 1709 2994 coutere-

919 3033 992 3092 bane
1012 3034 1121 3095 inprimis
1141 3038 1223 3083 autem
1237 3035 1376 3095 Chariclen,
1392 3040 1506 3097 unquam
1528 3038 1620 3098 majore
1631 3040 1708 3100 spatio

918 3127 1046 3188 temporis,
1062 3128 1137 3189 magis
1156 3129 1219 3177 itlius
1236 3129 1343 3177 studium
1365 3133 1389 3177 et
1402 3130 1593 3180 benevolentiam
1608 3147 1664 3195 erga
1684 3148 1709 3182 sc

918 3223 1026 3282 experta.
1060 3223 1122 3270 ato
1135 3221 1226 3270 ιιοιιιιιιι
1239 3223 1409 3272 calasirideml
1426 3225 1576 3274 exclamabat
1593 3227 1707 3288 plorans:

96 3337 168 3390 νημαι
186 3314 302 3393 πατέρα,
316 3319 363 3371 τοῦ
382 3313 502 3388 δαίμονος
517 3311 681 3391 πανταχόθεν
697 3334 742 3388 μοι
761 3309 809 3383 τὴν
827 3319 873 3371 τοῦ
918 3315 1006 3364 etenim
1020 3315 1106 3364 orbata
1117 3328 1171 3364 sum
1190 3315 1334 3364 suavissimo
1351 3316 1464 3376 nomine,
1480 3331 1528 3379 quio
1541 3318 1621 3368 ruinas
1640 3318 1709 3369 illum

96 3403 183 3483 τατρός
197 3400 375 3483 προσηγορίαν
388 3401 529 3481 περικόψαι
543 3399 778 3480 ριλονεικήσαντος.
820 3404 845 3461 T
845 3403 873 3459 ὸν
919 3413 1011 3474 patrem
1024 3424 1112 3460 vocare
1124 3412 1226 3474 possim,
1239 3424 1295 3459 cum
1308 3424 1398 3461 numen
1411 3412 1469 3460 mibi
1484 3414 1559 3474 patris
1570 3416 1708 3477 appellatio·

96 3490 220 3572 ιὲνρύσει
235 3491 396 3567 γεννήσαντα
410 3491 456 3548 οὐκ
470 3488 583 3565 ἔγνωκα,
597 3489 640 3546 τδν
654 3489 681 3547 δὲ
696 3488 801 3567 θέμενον
816 3492 874 3551 lla-
919 3520 974 3556 nem
987 3507 1145 3570 undiquaque
1158 3507 1288 3569 praecidere
1299 3508 1468 3558 contendisset.
1504 3511 1710 3572 Patremquime
1812 3526 1815 3533 ·

96 3579 193 3653 ἀλέαν
208 3580 296 3657 οἶμοι,
311 3578 480 3659 προδέδωκα·
495 3577 539 3635 τὸν
555 3578 615 3656 (δὲ)
633 3578 816 3654 διαδεξάμενον
828 3579 873 3636 καί
919 3603 1065 3664 procreavit,
1083 3615 1131 3650 non
1151 3602 1255 3664 agnovi:
1277 3616 1334 3652 eum
1354 3616 1426 3663 vero,
1450 3603 1492 3666 qui
1513 3617 1551 3653 me
1570 3605 1708 3666 adoptivam

96 3667 211 3749 *iiim
231 3669 277 3728 καί
293 3668 471 3749 περισώζοντα
490 3667 647 3725 ἀπολώλεκα
671 3666 716 3725 καὶ
737 3666 796 3726 Οὐδὲ
810 3673 872 3748 oid·
919 3697 992 3745 tiliam
1005 3697 1094 3746 iecerat
1106 3696 1256 3757 cbariclem,
1272 3696 1311 3746 bei
1325 3697 1397 3746 mitrii
1414 3696 1528 3760 prodidi:
1543 3711 1614 3759 porro
1629 3700 1708 3761 lione,

96 3759 162 3827 ῆσαι
180 3756 214 3815 τό
228 3757 402 3835 νενομισμένα
423 3755 460 3814 έτι
479 3754 591 3834 κειμένῳ
605 3758 643 3833 τῷ
665 3753 790 3828 πτώματι
811 3755 874 3834 πρὸς

111 3849 128 3863 „
290 3852 306 3864 „
429 3848 435 3864 ,
579 3843 587 3864 ,
641 3844 674 3866 ,,
712 3841 720 3857 ,

96 3866 128 3902 ω
144 3868 306 3925 ’‘dmm‘'
321 3866 534 3924 ⁶⁰Y”⁵Z⁰'?²lt⁴“²·
585 3845 641 3901 ‘m
667 3843 721 3899 ²8⁰⁰
736 3865 791 3914 ⁰⁰¹⁹
813 3864 874 3921 '9⁰'
920 3885 1030 3934 ternarum
1048 3886 1094 3934 rito
1108 3899 1136 3934 ac
1151 3885 1486 3948 cerimonia,adbucjacens
1494 3886 1605 3947 cadaver,
1618 3891 1706 3937 acoetu

96 3938 131 3992 ἐὖ
146 3933 192 3992 καί
206 3937 301 4016 σῶτεθ
318 3935 460 4015 προσθήσω
475 3931 560 3991 δὲκαὶ
574 3929 873 4042 πάτερ’κᾶνδδαίμων
920 3981 1059 4044 ριοριιειισο
1079 3981 1138 4029 ιιιιΙιι
1158 3986 1193 4030 cst
1215 3982 1367 4043 permiuum.
1400 3982 1546 4042 Enimvero,
1567 3983 1670 4032 nutricia
1686 3987 1710 4033 et

919 3792 960 3854 qui
971 3804 1011 3840 mc
1027 3791 1116 3853 recepit
1133 3792 1158 3839 et
1171 3792 1231 3839 aluit
1245 3796 1268 3840 et
1280 3792 1384 3840 servavit
1397 3791 1480 3852 amisi,
1494 3793 1519 3840 et
1533 3805 1612 3854 neque
1628 3793 1709 3855 lugere

96 4021 121 4093 ιῆ
137 4023 283 4101 βούληται,
306 4023 367 4082 ἔνθα
382 4028 443 4100 γοῦν
463 4021 546 4089 ἔξεστι
561 4021 606 4079 καί
630 4024 664 4087 ὡς
679 4018 787 4091 ἔξεστιν,
805 4043 872 4078 απο-

96 4110 189 4169 πένδω
211 4115 263 4169 τῶν
282 4114 397 4189 ἐμαυτῆς
419 4109 537 4190 δακρύων
559 4109 604 4167 καί
625 4107 740 4188 έπιρέρω
760 4106 825 4188 χοθις
844 4111 873 4167 έκ

96 4202 133 4258 ῶν
147 4203 263 4276 ἐμαυτῆς
277 4199 438 4274 πλοκάμων·
452 4198 496 4256 καὶ
509 4196 556 4274 ἅμ’
570 4198 771 4272 ἀπεσπάραττεν
786 4201 821 4263 ὡς
835 4195 873 4253 ότι

922 4077 1136 4138 sarracenescum
1147 4079 1228 4125 autem
1240 4078 1264 4125 et
1275 4078 1353 4138 pater,
1363 4090 1426 4137 ecce,
1438 4077 1530 4127 etiamsi
1540 4078 1599 4127 nolit
1611 4092 1709 4138 urimen,

920 4175 959 4223 ubi
973 4173 1028 4222 licet
1038 4175 1063 4222 et
1074 4187 1122 4234 quo
1137 4171 1209 4221 modo
1223 4171 1293 4232 licet,
1308 4172 1368 4220 tacio
1378 4173 1423 4221 tibi
1437 4174 1563 4222 libationes
1575 4176 1634 4223 meis
1645 4174 1710 4222 locri·

919 4269 999 4318 miset
1012 4267 1075 4316 addo
1093 4267 1190 4316 inferias
1207 4267 1313 4314 cumeis
1331 4267 1430 4329 capillis.
1465 4267 1588 4330 Simulque
1604 4268 1707 4315 vellebat

96 4288 210 4354 πλείστας
226 4291 278 4346 τῶν
302 4289 384 4360 αθιῆς
408 4290 516 4367 τριχῶν.
561 4285 616 4344 Καὶ
637 4290 650 4342 δ
672 4282 719 4360 μέν
740 4283 874 4361 Θεαγένης
976 4362 981 4372 .
1086 4361 1091 4373 .
1413 4361 1418 4372 γ
1621 4361 1626 4371 γ

96 4378 198 4456 πεῖχεν,
217 4376 406 4452 ἐπιλαθόμενος
422 4375 468 4433 σὺν
488 4375 597 4440 ἱκεσίαις
618 4378 668 4430 τῶν
688 4376 826 4454 χειμῶν’,γ
851 4373 873 4430 δ’
920 4364 1037 4425 plurimos
1058 4374 1136 4410 crines
1154 4380 1161 4411 ε
1176 4361 1201 4409 et
1219 4361 1357 4423 Tireageues
1377 4361 1474 4422 quidem
1493 4375 1546 4410 eam
1566 4361 1710 4422 reprimebat

96 4445 278 4548 πετραγῴδει,
299 4465 336 4525 Τί
356 4465 406 4544 γδρ
421 4464 467 4522 καὶ
491 4468 537 4535 ζῆν
552 4465 590 4520 δεῖ
615 4461 670 4534 ἔτι,
691 4461 819 4539 λέγουσα,
838 4462 874 4526 εἷς
920 4457 1123 4520 comprehendens
1141 4457 1193 4517 eius
1212 4469 1298 4505 manus
1316 4457 1426 4519 supplex.
1463 4457 1576 4505 litavere
1596 4455 1710 4503 lamenta-

96 4554 161 4612 ωίαν
181 4557 334 4634 ἀφορῶντας
355 4554 465 4627 έλπίδα;
482 4556 495 4608 δ
510 4550 670 4631 χειραγωγὸς
694 4554 740 4620 τῆς
755 4547 841 4622 ξένης,
856 4553 872 4621 ἡ
919 4554 991 4603 batur
1001 4553 1169 4613 nibilominus,
1183 4552 1246 4609 Quid
1259 4551 1333 4611 euim,
1346 4553 1437 4610 dicens,
1450 4551 1487 4598 vel
1499 4551 1579 4597 rivere
1590 4549 1639 4608 iam
1651 4562 1709 4597 cou-

96 4642 216 4722 ὶακτηρία
231 4647 277 4713 τῆς
291 4643 406 4714 πλάνης,
423 4645 436 4699 δ
453 4639 595 4718 ξεναγωγδς
608 4643 654 4709 τῆς
673 4637 716 4695 ἐπὶ
731 4637 778 4708 τὴν
803 4639 874 4714 ένεγ-
919 4643 1001 4692 ducii?
1018 4647 1044 4692 lu
1066 4656 1140 4704 quiam
1159 4655 1225 4703 spem
1246 4640 1311 4689 oculi
1332 4639 1473 4700 conjiciendi
1489 4640 1561 4686 sunt!
1576 4640 1668 4686 Ductor
1685 4638 1709 4686 in

98 4737 190 4805 οὖσαν,
205 4735 284 4788 θεῶν
300 4731 400 4812 ρύντων
413 4730 620 4808 ἂναγνωρισμός,
635 4733 651 4798 θ,
664 4725 808 4806 τταραψυχέΙ
822 4731 873 4784 τῶν
921 4733 1042 4795 peregrina
1056 4737 1133 4791 terra,
1148 4730 1251 4779 bacillus
1265 4730 1367 4789 erroris,
1383 4729 1432 4776 dux
1447 4727 1537 4777 reditus
1554 4726 1577 4774 iu
1593 4724 1708 4788 patriam,

96 4819 308 4899 υστυχημάτων,
326 4823 343 4889 ἧ
364 4818 472 4897 εὐπορία
488 4817 531 4874 καί
555 4816 627 4882 λύσις
650 4818 701 4872 τῶν
717 4813 872 4893 ἀμηχάνων,
921 4827 1047 4884 parentum
1060 4822 1140 4878 notio,
1156 4819 1268 4868 solatium
1284 4820 1308 4867 in
1322 4818 1427 4866 adversis
1440 4816 1523 4875 rebus,
1541 4814 1708 4877 adjumentum

115 4909 225 4966 πάντων
239 4911 290 4965 τῶν
304 4910 364 4964 καθ’
379 4912 448 4983 ἡμᾶς
463 4907 565 4984 ἄγκυρα
581 4903 728 4981 Καλάσιρις
743 4902 873 4974 anatole,
920 4926 947 4960 ac
963 4911 1070 4972 depulsio
1082 4910 1170 4958 summi
1186 4907 1343 4967 discriminis,
1360 4906 1469 4954 onmium
1484 4907 1621 4954 nostramm
1637 4905 1708 4954 ratio·

97 4998 130 5055 έν
144 4994 238 5054 άθλίαν
249 5002 319 5070 ἡμᾶς
332 4994 457 5073 ξυνωρίδα
467 4993 565 5071 πηροθς
575 4992 664 5072 ὥσπερ
676 4995 727 5048 τῶν
737 4990 873 5069 πρακτέων
921 5014 978 5048 ιιιιπι
998 5012 1085 5048 ancora
1097 4998 1209 5048 Calasiris
1229 4996 1311 5058 periit,
1330 5008 1374 5044 nos
1392 4996 1506 5043 irrisorum
1525 4994 1626 5056 iugum,
1640 4994 1707 5054 qrrasi

96 5086 127 5141 πὶ
141 5088 190 5154 τῆς
204 5085 354 5153 ἀλλοδαπῆς
367 5082 530 5143 καταλιπών.
578 5085 657 5140 Πᾶσα
672 5080 718 5156 μὲν
732 5080 795 5154 ἡμῖν
809 5082 875 5138 δδοι·
921 5102 998 5137 cacos
1012 5088 1104 5136 inscitia
1116 5087 1274 5148 gerendarum
1288 5097 1378 5143 renim,
1392 5084 1415 5132 ιιι
1428 5082 1552 5145 peregrina
1565 5085 1628 5130 terra
1640 5081 1710 5129 mliu-

96 5170 180 5251 ωρία,
194 5180 268 5230 πᾶσα
286 5171 312 5229 δὲ
331 5172 450 5230 ναυτιλία
472 5173 516 5228 ὑπ’
533 5169 661 5247 ἀγνωσίας
684 5168 872 5244 ὑποτέτμηται.
921 5190 1004 5237 uirens.
1036 5179 1114 5225 Omne
1130 5176 1199 5224 nobis
1220 5174 1274 5234 iter,
1294 5173 1372 5222 omnis
1393 5171 1498 5234 denique
1519 5170 1639 5231 navigatio
1659 5180 1709 5229 pra·
