3726 5692
167 347 220 399 188
321 394 323 398 ,
672 335 947 395 XENOPBONTIS
969 337 1270 400 seflusmcclium

161 466 221 546 φίαν
241 464 343 545 ἀρέσκω
357 485 416 541 σοι;
432 462 557 543 Ἄνανδρε
570 461 616 522 καί
630 464 713 537 δειλὲ,
727 465 808 524 πόσον
830 465 944 546 ίῦράδυ-
993 474 1092 538 placeo?
1104 477 1196 527 Timide
1213 481 1237 527 et
1254 478 1351 539 ignave,
1370 478 1486 540 quamdiu
1502 490 1583 528 smare
1601 501 1603 517 ‹

160 578 205 621 ναι
219 557 284 634 ἐρῶν
298 551 410 632 χρόνον,
432 551 512 609 πόσον
527 550 679 627 ἧμῖλησαΰ
696 551 749 612 ἀπὸ
764 557 816 612 τῶν
831 555 946 628 ἐμαυτῆς
992 572 1109 634 quamdiu
1129 574 1188 622 nulli
1201 573 1225 622 id
1240 575 1283 623 tibi
1299 587 1365 622 curae
1379 574 1471 623 [uitia
1489 574 1550 624 meis
1563 586 1603 623 ms

159 645 261 717 κακῶν,
283 639 300 697 θ
326 640 458 706 πέπονθας
481 629 548 698 οίδα.
590 638 660 698 Ἀλλ’
681 640 750 711 idcir,
772 641 873 721 δάκρυα
897 639 945 718 μὲν
993 678 1074 728 passus
1092 666 1262 728 553,00„55050,
1295 670 1385 716 vesum
1397 668 1447 728 im
1461 680 1518 729 age,
1538 679 1603 717 mm

160 729 288 807 ὑποδέχου
309 725 383 804 τάμά
404 725 481 797 ααίή
503 725 573 797 καλή
595 732 642 786 σοῦ
657 727 727 802 κόμη
743 729 840 787 πινέτω
860 733 944 805 πῶμα

132 833 145 870 c
160 817 232 897 [τὸ]
251 813 373 897 ἐρωτικὸν
388 813 434 873 καί
449 814 597 894 συμφόντες
616 815 740 887 ἀλλήλοις
762 820 943 895 ἀναμιγῶμεν,

159 901 366 983 καταόρέχωμεν
381 899 409 960 δέ
423 902 469 960 καί
482 900 541 969 τοθς
555 901 696 983 στεφάνους
718 905 771 971 τοῖς
784 909 848 985 παρ’
862 905 945 977 ἀλλή-

158 991 212 1047 λων
234 990 370 1070 δάκρυσιν,
392 985 427 1046 ἀν’
454 990 515 1065 ἡμῖν
540 989 585 1048 καὶ
609 981 679 1049 οὗτοι
702 996 853 1072 συνερῶσιν.
898 995 945 1054 Ei-

158 1083 245 1137 ποῦσα
267 1080 289 1136 δ’
311 1075 382 1136 άπαν
406 1075 454 1154 μίν
474 1078 553 1137 αὐτοῦ
575 1078 606 1136 τὸ
628 1079 770 1160 πρόσωπον
793 1080 943 1154 ἠσπάζετο,

159 1163 265 1224 άπασαν
280 1165 307 1223 δέ
318 1162 367 1236 τήν
381 1164 468 1242 κόμην
482 1164 536 1232 τοῖς
550 1168 631 1236 αὑτῆς
645 1167 788 1247 ὀφθαλμοῖς
800 1167 946 1247 προσετίθει
992 1159 1070 1210 ⁰⁰¹¹¹¹⁸
1084 1173 1165 1211 ⁰⁰¹⁸&
1179 1164 1204 1211 θῑ
1215 1163 1314 1226 ⁸¹¹⁸⁰lilit
1332 1176 1446 1223 00¹¹⁰¹¹⁸52
1460 1164 1594 1214 ⁸¹¹⁸Vl³¹¹d⁰

121 1269 144 1307 ro
157 1252 204 1313 καί
217 1252 276 1319 τοὺς
290 1251 429 1333 στεφάνους
447 1251 614 1330 ἀνελοίμῦανε
628 1252 674 1311 καί
688 1251 721 1311 τὰ
733 1251 811 1331 χείλη
825 1254 877 1321 τοῖς
888 1253 947 1335 χεί-
992 1261 1086 1313 labellis
1098 1261 1266 1324 sdbaresent,
1282 1268 1305 1313 et
1318 1278 1374 1327 qum
1389 1265 1491 1328 quisque
1504 1264 1603 1327 mpura

157 1343 215 1400 λεσι
233 1343 344 1421 φιλοῦσα
360 1340 519 1420 συνηρμόιιει
539 1340 601 1414 καί,
619 1337 668 1398 ὅσα
691 1340 818 1417 ἐνενόουν,
837 1341 879 1399 διδ
893 1344 945 1400 τῶν
993 1360 1017 1411 pn
1031 1361 1139 1412 animum
1154 1376 1197 1425 pp,
1211 1363 1292 1412 mpura
1307 1363 1376 1413 rabir,
1393 1363 1507 1427 puppem
1528 1366 1603 1413 qm

158 1427 267 1507 χειλέων
283 1430 313 1486 ἐκ
324 1430 410 1509 ψυχῆς
424 1430 459 1494 είς
472 1425 520 1497 τήν
533 1424 642 1501 θατέρου
653 1426 741 1508 ψυχήν
756 1427 799 1486 int
811 1434 858 1487 τοῦ
870 1429 946 1511 φιλή-

160 1539 241 1594 ματος
255 1515 455 1598 παρεπέμπετο
498 1515 622 1575 Φιλοῦσα
636 1512 658 1571 δ’
673 1517 751 1573 αὐτοῦ
766 1514 825 1584 rob<
848 1517 945 1599 ἀφθαλ·

160 1605 253 1683 μοθς,ί
282 1651 290 1679 ,
306 1606 385 1686 φησί,
401 1602 529 1668 πολλάκις
548 1625 582 1682 με
595 1602 761 1675 λυπήσοντες
775 1606 862 1682 ὑμεῖς,
880 1596 946 1665 ῶτδ

121 1703 145 1741 ¹⁵
159 1696 261 1774 πρῶτον
286 1692 398 1760 ἐνθέντες
421 1698 453 1772 τῇ
476 1695 528 1772 έμῇ
549 1689 655 1771 κέντρον
666 1696 756 1773 ψυχῇ,
778 1696 801 1751 οἱ
820 1693 878 1752 sort
899 1694 946 1771 μέν

160 1781 283 1862 σοόαροί,
303 1785 347 1839 νῦν
360 1783 383 1840 δ’
398 1780 532 1861 ἐρωτικοί,
549 1782 637 1846 καλῶς
652 1803 697 1854 μοι
715 1782 888 1853 διηκονήσατο
901 1783 946 1840 καὶ

159 1869 202 1928 τὸ,
224 1867 309 1950 ἔρωτα
323 1866 367 1926 τὸ,
382 1867 445 1945 ρμὸ,
468 1871 555 1935 καλῶς
570 1872 606 1934 εγ,
619 1866 665 1939 τὴ,
683 1866 845 1948 Ἀεροκόμου
859 1869 946 1950 ψυχὴ,
993 1859 1144 1910 induxeritis.
1178 1864 1228 1910 Vos
1243 1861 1326 1922 itaque
1344 1861 1480 1920 exosculor,
1493 1861 1561 1911 vobis
1572 1861 1603 1910 bo

127 2024 134 2037 ¹
158 1957 329 2036 ὡδηγήσατε.
354 1961 493 2035 τοιγαροῦν
518 1960 586 2032 ὑμᾶς
609 1955 695 2014 πολλὰ
724 1958 792 2038 φιλῶ
817 1957 862 2015 καλ
885 1962 946 2033 ὑμῖν
993 1961 1174 2011 moreooculos
1187 1960 1471 2010 Habrocomretamulos.
1506 1961 1545 2010 Sic
1559 1975 1602 2010 ros

159 2045 298 2127 ἐφαρμόζω
310 2042 369 2110 τοὺς
387 2042 537 2125 ὀφθαλμοὺς
556 2042 615 2109 τοὺς
630 2042 722 2119 ἐμοὺς,
743 2043 802 2110 τοὺς
817 2043 947 2125 Ἅθροκό-
993 2059 1119 2122 spectetis,
1131 2072 1181 2109 non
1192 2058 1263 2109 sliam
1282 2058 1441 2108 llabrocomae
1452 2059 1566 2121 elegantis
1579 2061 1602 2109 to

119 2149 145 2187 2⁰
160 2158 211 2210 μου
225 2132 371 2199 δίακόνθυῦ
385 2136 459 2210 ὑμεῖς
473 2134 497 2190 δ’
513 2132 554 2191 ἀεί
576 2130 697 2210 mmm
712 2137 808 2206 τοιῧτθι
823 2133 868 2191 καί
885 2133 946 2207 μήθ’
993 2156 1122 2215 ostendite,
1134 2169 1163 2206 ac
1176 2169 1248 2205 nemo
1259 2155 1318 2204 milu
1332 2154 1432 2217 pulcher
1442 2155 1603 2219 atiusvideatr

159 2220 309 2302 Ἁόροκόμη
333 2220 415 2291 ἀλλην
440 2219 540 2292 δείξητε
561 2219 658 2293 καλήν,
678 2219 740 2297 μήτ’
752 2220 811 2297 ἐμοὶ
834 2219 894 2298 δόξῃ
910 2245 947 2288 τις

159 2308 236 2375 ἀλλος
253 2306 395 2388 εὔμορφος’
412 2306 485 2388 έχετε
504 2307 605 2389 ψυχὰς,
620 2309 650 2374 ἀς
674 2309 748 2368 αὐτοὶ
772 2309 944 2376 έξεκαύσατε·

158 2396 254 2463 ταύτας
266 2396 360 2472 ὁμοίως
373 2395 518 2477 τηρήσατε.
561 2400 646 2458 Ταῦτ’
663 2388 739 2470 εἶπε,
756 2398 801 2455 καί
814 2397 947 2478 περιφάν-

160 2508 202 2552 τες
217 2485 379 2543 ἀνεπαύοντο
395 2485 441 2544 ιιαί
456 2485 490 2543 τά
503 2489 596 2566 πρῶτα
610 2489 663 2544 τῶν
678 2485 830 2566 Ἀφροδίτης
844 2485 946 2567 ἐρώτων

119 2588 145 2627 2,
160 2570 305 2631 ἀπρχαυοψ
326 2571 500 2652 ρ,,χ,,,,γ,,,,,
522 2571 549 2631 gg
570 2573 603 2630 gp
621 2571 683 2645 ὅλη,
703 2577 749 2646 ,ἧς
770 2572 861 2640 ,ωαχ
883 2574 947 2652 πρὸ,
993 2566 1089 2613 noctem
1113 2574 1209 2611 summa
1231 2561 1383 2610 emulatione
1404 2562 1508 2611 interce
1521 2565 1603 2612 conten

160 2659 304 2735 ἀλλήλους,
320 2660 550 2740 φιλοτιμούμενοι,
566 2660 604 2727 τίς
618 2669 738 2740 φανεῖται
753 2663 853 2736 μᾶλλον
866 2664 943 2741 ἐρῶν.
993 2662 1166 2723 ¹1²¹¹il¹⁸⁸¹f¹l⁸¹¹8
1180 2661 1311 2710 lidelmi·

198 2748 230 2808 l'.
254 2746 364 2819 Ἐπειδὴ
381 2747 404 2804 δ’
419 2745 507 2825 ήμέρα
531 2745 644 2823 ἐγένετο,
655 2747 792 2806 ἀνίσταντο
812 2746 878 2806 πολθ
899 2747 945 2826 μὲν
1024 2765 1055 2812 Χ.
1071 2762 1117 2811 Ubi
1133 2761 1221 2822 illuxit,
1235 2760 1371 2810 blandiores
1384 2759 1560 2823 alacrioresque
1571 2774 1599 2809 su

160 2833 353 2908 diluscescit
375 2834 398 2893 δ’
412 2833 594 2913 εὐθυμότεροι,
612 2834 808 2903 ἀπολαύσαντες
823 2836 945 2908 ἀλλήλων
993 2856 1091 2906 ensem
1101 2856 1211 2906 retrorsus
1222 2856 1269 2905 um
1278 2855 1428 2917 temporibus
1441 2854 1534 2904 rameru
1547 2869 1603 2918 exer

158 2916 194 2984 ὧν
217 2922 385 3001 ἐπεθύμησαν
402 2921 490 3002 χρόνῳ
503 2923 604 2982 καλῶ·
648 2920 746 3016 t399⁶!
762 2914 828 2996 θ’θ’
842 2922 943 2992 έπαίθ
994 2956 1096 3005 invicem
1110 2955 1256 3018 contigisset.
1289 2953 1346 3003 Vita
1354 2953 1433 3003 omnis
1448 2956 1499 3003 erat
1511 2955 1540 3003 iis
1554 2968 1603 3017 qna

120 3033 146 3072 oo
159 3013 213 3094 βίος
233 3013 319 3079 αὐτοῖς
340 3009 387 3070 καί
405 3008 490 3087 μεστδ
511 3009 624 3089 εὐωχίας
646 3010 748 3083 πάντα,
772 3011 819 3070 καί
832 3011 884 3086 ήδη
901 3014 946 3072 καί

158 3106 209 3160 τῶν
225 3097 446 3178 μεμαντευμένων
461 3096 538 3169 λήθη.
583 3097 653 3156 Ἀλλ’
669 3098 728 3178 οὐχί
745 3098 775 3158 τθ
789 3100 945 3181 εἱμαρμένον

158 3190 330 3263 ἐπελέληστο,
350 3189 409 3246 ἀλλ’
426 3188 478 3246 οὔδ’
499 3184 552 3268 ὅτῳ
567 3186 651 3246 ἐδόκει
665 3192 749 3247 ταῦτα
770 3192 820 3268 θεῷ
841 3192 944 3268 ἠμέλει.

158 3279 264 3357 Χρόνου
278 3277 304 3336 δέ
325 3275 466 3344 διελθόντος
484 3275 586 3354 ὀλίγον,
598 3275 715 3353 ἔγνωσαν
729 3279 753 3334 οἱ
774 3277 886 3358 πατέρες
901 3283 944 3339 ἐκ·

158 3366 272 3444 πέμπειν
295 3365 389 3431 αὐτοὺς
411 3369 458 3434 τῆς
480 3363 580 3428 πόλεως
601 3363 670 3420 κατθι
687 3362 720 3420 τά
740 3364 945 3443 βεόονλευμένα·

119 3471 144 3512 us
155 3452 270 3532 ῆμελλόν
286 3477 314 3514 re
327 3452 379 3532 γὰρ
395 3450 476 3524 ἀλλην
494 3449 606 3532 ὄψεσθαι
624 3455 673 3595 γῆν
689 3449 735 3509 καὶ
759 3451 841 3518 ἄλλας
856 3454 945 3520 πόλεις
993 3456 1030 3501 rat
1042 3451 1115 3515 prius,
1127 3464 1224 3513 peregre
1236 3452 1375 3510 mittuntur,
1391 3453 1418 3499 ut
1430 3449 1521 3499 scilicet
1532 3448 1603 3499 sliasl

157 3545 202 3602 καί
217 3544 259 3601 τὸν
276 3549 320 3602 τοῦ
343 3547 401 3600 θεοῦ
414 3539 548 3621 χρησμὸν,
572 3542 607 3604 ὡς
619 3562 632 3596 o
644 3540 671 3596 όν
693 3537 716 3595 τ’
730 3530 771 3610 ῆν,
783 3542 945 3618 παραμυθή-
993 3551 1083 3612 besque
1096 3549 1154 3597 alias
1165 3548 1288 3598 viderent:
1301 3560 1326 3597 se
1338 3548 1402 3596 enirn
1415 3547 1453 3596 dei
1466 3559 1603 3620 responsum

158 3636 267 3701 σασθαι,
289 3628 484 3704 ἀπαλλαγέντες
503 3627 590 3706 χρόνῳ
613 3625 662 3684 τινί
680 3625 801 3708 Ἐφέσου.
854 3631 945 3709 Παρε-
993 3651 1071 3715 quoad
1084 3652 1119 3701 fag
1131 3653 1192 3700 esset
1199 3686 1206 3710 ,
1221 3650 1337 3713 putabam
1344 3649 1384 3710 ‚si
1394 3647 1541 3711 aliquamdiu
1555 3646 1603 3710 qu

992 773 1054 821 mas,
1067 761 1198 824 bibentque
1210 763 1330 825 elegantes
1342 776 1418 814 comte
1427 765 1477 813 ture
1490 763 1603 826 amorisp

993 875 1095 924 ermque
1108 862 1227 925 complexi
1239 864 1416 926 adhereamus,
1427 867 1496 914 itaut
1507 878 1602 916 somnae

994 959 1039 1006 mis
1050 957 1163 1007 madeant
1177 961 1202 1007 et
1213 961 1321 1008 nostrum
1335 973 1382 1009 una
1393 960 1452 1023 ipsus
1471 973 1579 1009 amorem
1594 974 1603 1009 s

992 1057 1077 1118 dictis,
1097 1060 1176 1108 totuin
1199 1060 1293 1110 vultum
1315 1060 1367 1122 eius
1391 1062 1555 1124 amplectitur,
1570 1062 1603 1113 ad

992 1463 1149 1514 adolescentis
1162 1464 1245 1514 oculos
1255 1464 1350 1514 basiam
1359 1473 1394 1524 ,0
1408 1465 1518 1527 quoties,
1531 1464 1603 1527 inqui·

992 1562 1117 1613 affecistis!
1134 1564 1176 1626 qui
1192 1564 1296 1626 primum
1311 1563 1370 1613 mibi
1385 1563 1496 1614 intlxistis
1509 1563 1590 1614 animo

992 1663 1115 1724 quondam
1129 1663 1257 1725 superbiae,
1268 1676 1333 1712 nunc
1347 1662 1436 1712 amoris
1449 1663 1524 1725 pleni,
1534 1665 1603 1727 optin

993 1761 1087 1821 ruistis,
1103 1761 1191 1824 quippe
1207 1763 1248 1825 qui
1264 1776 1370 1811 amorem
1387 1764 1435 1811 mel
1455 1762 1480 1811 in
1495 1762 1603 1812 llabroco

993 2259 1086 2328 animas
1096 2260 1204 2317 nostres,
1219 2270 1281 2319 quas
1294 2257 1434 2318 exussistis;
1446 2258 1489 2306 bas
1501 2258 1603 2308 laberer

993 2358 1094 2406 servate.
1130 2358 1186 2405 ilrec
1204 2355 1252 2405 ills.
1285 2358 1347 2404 Tum
1372 2358 1458 2404 mutuo
1475 2355 1589 2419 amplexu

993 2458 1119 2521 quievere,
1130 2471 1158 2508 ac
1168 2460 1293 2520 cerpentes
1306 2460 1365 2509 tunc
1377 2459 1482 2522 primum
1492 2460 1603 2520 venerim

993 3052 1122 3114 omniaque
1132 3052 1298 3101 conviviorum
1310 3051 1388 3113 plena,
1397 3050 1466 3110 adeo,
1476 3053 1504 3099 ut
1509 3050 1558 3112 iam
1567 3064 1603 3100 ora

993 3150 1074 3198 animo
1085 3149 1232 3198 exciderent.
1267 3151 1356 3197 Verum
1371 3161 1419 3196 non
1436 3160 1465 3196 es
1476 3149 1525 3197 tato
1541 3149 1603 3198 cxci(

993 3250 1038 3300 deo
1050 3249 1237 3312 negligebantur,
1250 3248 1358 3309 quisquis
1371 3248 1410 3296 ille
1422 3247 1477 3308 tuit,
1490 3247 1531 3310 qui
1546 3247 1603 3296 decr

993 3351 1071 3399 multo
1087 3355 1140 3411 post
1150 3352 1257 3410 tempore
1268 3361 1283 3396 a
1295 3347 1448 3409 parentibus,
1461 3347 1549 3410 quibus
1562 3347 1588 3396 id
1599 3362 1603 3396 ι

218 3806 225 3826 ,
509 3803 516 3822 ,
994 3759 1110 3806 Parantur
1120 3755 1149 3805 ud
1165 3754 1294 3803 discessum
1307 3753 1405 3802 omnia:
1420 3767 1505 3814 magna
1518 3753 1598 3814 navis,

158 3809 261 3883 μεγαλη
285 3804 330 3862 καί
355 3809 448 3861 ναῦται
471 3826 535 3881 προς
559 3801 699 3878 ἀναγωγήν
727 3800 827 3879 ἕτοιμοι
849 3804 944 3862 καὶτὰ

118 3915 144 3954 ιο
159 3895 293 3966 ἐπιτήδεια
306 3893 488 3965 ἐνεάάλλοντο,
504 3891 590 3961 πολλὴ
605 3889 652 3968 μὲν
668 3889 744 3963 ἐσθής
755 3892 800 3950 καί
815 3894 941 3970 ποικίλη,

157 3983 238 4048 πολὺς
257 3984 280 4040 δ’
296 3983 406 4061 ἄργυρος
424 3981 469 4039 καί
485 3983 596 4060 χρυσὸς,
616 3978 633 4050 ή
651 4003 679 4038 τε
691 3983 742 4038 τῶν
765 3979 852 4039 σιτίων
866 3984 945 4060 ὑπερ·
992 3974 1017 4020 ⁰²
1031 3973 1103 4018 *³¹³ae
1122 3971 1213 4028 V0⁵¹⁰⁸2
1227 3968 1331 4017 mustum
1345 3968 1436 4030 algenti
1455 3969 1480 4015 θῐ
1498 3965 1565 4026 iuli,
1585 3979 1603 4014 c

158 4070 292 4129 ῦάλλουσα
308 4068 427 4149 ἀφθονία.
469 4067 570 4130 Θυσίαι
584 4064 612 4125 δέ
628 4065 738 4145 πρὸτῆς
756 4069 896 4146 ἀναγωγῆς
912 4073 944 4147 τῇ
993 4074 1119 4135 plurimus.
1151 4073 1306 4122 immolatum
1319 4070 1603 4127 estbianar‚utductur

158 4158 289 4241 Ἀρτέμιδι
298 4158 342 4217 καί
355 4157 431 4236 εὐχαί
443 4162 488 4215 τοῦ
504 4156 589 4232 δήμου
601 4157 699 4223 παντὸς
711 4154 756 4213 καί
769 4155 870 4237 δάκρυα
882 4156 946 4214 πάν·
991 4183 1044 4238 ηπ,
1058 4178 1207 4228 „ademere
1219 4178 1383 4240 pfeoesqoqus
1392 4177 1484 4240 popuii,
1496 4176 1603 4226 omnium

158 4272 221 4324 των,
242 4252 277 4313 ὡς
301 4245 450 4322 μελλόντων
474 4244 691 4303 ἀπαλλάττεσθαι
716 4244 817 4302 παίδοιν
841 4248 942 4303 κοινῶν.

119 4363 144 4402 ss
157 4330 213 4400 Ἦν
227 4336 249 4395 δ’
264 4340 278 4395 δ
292 4339 372 4401 πλοῦς
386 4334 472 4400 αὐτοῖς
487 4333 527 4393 ἐπ’
545 4332 678 4410 Αἴγυπτον
690 4334 943 4413 παρεσκευασμένος.

158 4427 207 4493 Ὡς
221 4427 244 4484 δ’
255 4416 332 4498 ήλθεν
345 4429 362 4496 ή
377 4427 422 4494 τῆς
437 4425 576 4499 ἀναγωγῆς
586 4421 689 4501 ἡμέρα,
705 4422 797 4482 πολλοὶ
812 4420 860 4500 μέν
874 4422 944 4480 οἰκέ-

159 4539 218 4585 ται,
235 4512 331 4573 πολλαὶ
346 4510 373 4570 δέ
389 4510 546 4591 θεράπαιναι
566 4512 596 4542 “
611 4509 766 4581 Μελλοθσης
780 4510 807 4568 δὲ
823 4513 869 4580 τῆς
883 4508 945 4574 νεὼς

159 4603 348 4677 ἐπανάξεσθαι,
372 4609 425 4658 πῦν
448 4598 495 4676 μὲν
517 4597 547 4657 τό
563 4598 692 4678 Ἐφεσίων
708 4595 836 4676 (πλῆθος)
857 4602 945 4676 παρῆν
992 4605 1154 4664 esset,omnis
1164 4602 1320 4663 Ephesiorum
1331 4601 1460 4650 mullitudo
1471 4600 1603 4663 prosequeb

160 4689 401 4770 παραπεμπόντων,
424 4686 522 4748 πολλαί
546 4687 573 4746 δὲ
596 4685 642 4745 καί
664 4690 715 4744 τῶν
739 4684 853 4765 (ξένων)
878 4685 945 4761 imat
991 4709 1241 4773 etperegrinislcum
1255 4707 1405 4768 lampadibus
1415 4711 1439 4757 et
1448 4705 1600 4757 sutsrmeutis.

123 4797 146 4836 so
159 4779 306 4852 λαμπάδων
321 4778 366 4836 καί
385 4780 491 4836 θυσιῶν.
535 4775 580 4835 Ἐν
602 4775 687 4853 τούτῳ
703 4773 750 4850 μὲν
765 4766 808 4833 οάν
830 4777 944 4835 diluxe-

161 4867 246 4943 μήδης
260 4868 304 4924 καί
319 4871 335 4937 ή
352 4866 495 4943 Θεμιστὼ,
512 4865 618 4923 πάντων
635 4862 681 4940 ἀμ’
696 4866 722 4922 έν
736 4864 881 4940 ὑπομνήσει
902 4887 944 4940 γε·
960 4919 963 4923 .

161 4955 275 5031 νόμενοι,
297 4960 341 5012 τοῦ
367 4959 504 5034 χρησμοῦ,
527 4959 571 5012 τοῦ
588 4952 693 5024 παιδὸς,
715 4956 760 5023 τῆς
783 4949 944 5028 ἀποδημίας,

161 5041 257 5100 ἔκειντο
273 5045 308 5107 εἰς
324 5046 372 5120 γῆν
388 5047 554 5118 ἀθυμοῦντες.
596 5041 631 5103 Ὁ
647 5039 674 5099 δέ
690 5040 855 5118 Μεγαμήδης
868 5038 913 5097 καλ
930 5042 944 5108 ἡ

163 5130 270 5202 Εὐίππη
286 5130 461 5189 ἐπεπόνθεσαν
473 5129 521 5209 μὲν
533 5130 566 5188 τδι
577 5131 653 5197 αὐτὰ,
661 5130 829 5209 εὐθυμότεροι
838 5130 861 5186 δ’
869 5118 946 5200 ήσαν,
967 5131 970 5165 ¹
992 5145 1092 5192 eorum,
1105 5144 1160 5194 quae
1180 5129 1294 5193 prredicta
1314 5129 1423 5186 lucrant,
1439 5130 1510 5178 linem
1527 5129 1603 5191 respic

992 3862 1130 3914 ducendum
1139 3861 1226 3922 idonei,
1237 3861 1365 3923 omniaque
1374 3860 1506 3910 necessaria
1516 3860 1603 3922 impuri

991 4283 1065 4333 veluti
1078 4283 1248 4333 communibus
1257 4283 1334 4344 gnatis
1345 4282 1530 4331 discedentibus.
1563 4284 1603 4331 Na*

991 4394 1120 4454 AEgyptum
1133 4391 1288 4452 paraverant;
1300 4402 1404 4450 cumque
1416 4388 1519 4437 abeundi
1531 4388 1583 4437 dies
1594 4402 1603 4436 r

967 4456 970 4546 ί
991 4499 1114 4547 mulorum
1125 4500 1149 4546 et
1162 4497 1302 4545 anciliorum
1315 4496 1456 4556 frequentia.
1488 4497 1550 4544 cum
1561 4509 1603 4544 nar

992 4816 1103 4865 comedes
1113 4819 1138 4865 et
1150 4814 1280 4870 Themisto,
1292 4814 1372 4863 omnia
1385 4813 1455 4862 simut
1469 4812 1603 4862 recordanti

993 4921 1077 4980 lilium,
1091 4919 1165 4981 ipsius
1177 4918 1399 4980 peregrinationem,
1416 4918 1482 4966 irumi
1497 4917 1603 4977 iacebant

993 5028 1083 5076 Pariter
1097 5025 1248 5088 Megamedes
1262 5028 1284 5074 et
1295 5025 1398 5087 Euippe,
1413 5028 1440 5073 ut
1454 5028 1481 5072 ut
1495 5024 1585 5072 meliori
1599 5040 1603 5070 ι
