3726 5692
192 132 247 181 tas
780 115 897 174 tondi
923 114 1196 175 Pssnohstiunt

184 253 311 328 νέμοντες.
352 248 403 307 Καὶ
411 245 537 310 πολλάκις
546 243 777 324 μὲνόΔάρνιςτῶν
787 245 926 323 προθάτων
935 246 967 302 τδι
990 254 993 321 Ι
1016 256 1045 303 Et
1068 266 1132 316 saepe
1150 253 1256 315 Daphnis
1274 266 1331 301 ores
1347 254 1485 303 aberrantes
1502 256 1619 316 cogebat,
1646 269 1709 318 smpe
1725 257 1800 307 Chloe

186 336 399 411 ἀποπλανώμενα
408 332 571 402 συνέστελλε,
578 331 704 397 πολλάκις
712 331 764 401 δέη
774 333 847 402 Χλόη
856 331 901 398 τδις
910 337 968 409 θρα·
1016 342 1154 391 audaciores
1166 355 1271 404 capraea
1284 343 1411 404 praeruptis
1424 343 1534 404 abigebat
1545 344 1610 391 locis.
1646 348 1714 394 Nunc
1729 346 1800 408 alter,

186 427 294 505 συτέρας
305 428 356 482 τῶν
371 426 451 501 αἰγῶν
464 420 518 478 άπὸ
530 422 581 477 τῶν
593 420 716 498 κρημνῶν
729 417 901 489 κατήλαυνεν.
916 419 967 491 ἤδη
1015 431 1092 480 altero
1103 430 1202 479 ludicris
1215 431 1315 491 intento,
1333 432 1457 493 utriusque
1470 432 1547 494 gregis
1558 433 1693 482 custodiam
1706 436 1800 495 agebat.

186 514 214 572 δέ
234 538 271 579 τις
286 514 330 571 καὶ
341 511 389 577 τὰς
400 509 496 587 ἀγέλας
511 507 661 589 ἀμφοτέρας
683 505 841 586 έρρυύρησε,
860 507 968 585 θατέρου
1017 518 1118 567 Ludicra
1136 521 1217 567 autem
1234 519 1291 581 ipsis
1309 519 1436 580 pastoralia
1454 521 1479 567 et
1492 520 1593 580 puerilia
1611 541 1617 569 ι
1636 522 1688 571 haee
1702 523 1802 583 quidem

163 600 449 683 προσλιπαρήσαντος
464 597 603 678 άθύρματι.
645 594 794 676 Ἀθύρματα
809 595 831 652 δ’
841 586 874 667 ἦν
884 599 970 662 αὐτοῖς
1016 606 1129 668 digressa,
1145 607 1246 655 sublatis
1257 606 1367 655 alicunde
1379 621 1393 656 e
1406 608 1493 669 palude
1503 608 1625 671 anplrodeli
1640 610 1751 660 caulibus
1762 611 1804 661 de·

153 688 325 767 ·ποιμενικδι
338 688 383 745 καλ
394 686 514 746 παιδικά.
569 684 602 744 Ἡ
619 681 667 760 μὲν
682 683 817 765 ἀνθέρικας
828 684 969 760 ἀνελομένη
1017 695 1122 756 cipulam
1140 695 1240 744 locustis
1256 695 1380 757 captandis
1398 697 1525 756 nectebat,
1545 701 1569 745 et
1586 700 1636 746 tota
1656 699 1681 747 in
1697 698 1744 747 hac
1763 714 1803 761 re,

185 778 263 837 ποθέν
276 776 302 846 ἐξ
314 775 387 842 ἕλους
400 774 573 853 ἀκριδοθήραν
587 773 691 846 ίπλεκε,
705 773 750 832 καλ
762 773 822 853 περὶ
833 779 910 832 τοῦτο
921 796 969 831 πο·
1017 782 1098 832 ortum
1106 795 1189 832 curarn
1197 782 1292 834 interint
1299 783 1433 833 omittebat.
1464 785 1507 834 tile
1516 798 1581 844 vero,
1591 786 1678 835 excisis
1689 787 1805 838 tenuibus

107 895 110 901 ’
185 866 313 944 νουμένη,
330 869 381 922 τῶν
394 863 520 939 ποιμνίων
534 862 680 939 ἠμέλησεν.
724 861 758 921 ‘0
773 862 816 937 δέ,
836 862 971 936 καλάμους
1017 872 1116 921 calamis
1128 875 1152 922 el
1164 872 1288 935 perforatis
1298 872 1488 921 internodiorum
1498 872 1639 934 intervallis,
1651 874 1806 939 junctimque

186 954 302 1032 ἐκτεμὼν
316 953 425 1019 λεπτοὺς
437 951 481 1009 καλ
493 951 592 1031 τρήσας
602 951 651 1017 τδις
662 953 713 1009 τῶν
723 951 839 1029 γονάτων
850 952 970 1032 διαφυὰς,
1017 960 1122 1010 interae
1135 962 1201 1010 molli
1216 974 1270 1010 cera
1287 962 1469 1023 conglutinatis,
1488 963 1512 1010 in
1526 975 1603 1011 seram
1615 965 1711 1012 νοτίοιο
1724 963 1805 1014 fistula

149 1064 174 1101 ιν
187 1045 316 1116 ἀλλήλους
331 1066 358 1100 τε
374 1045 448 1121 κηρῷ
461 1042 590 1121 μαλθακῷ
600 1039 774 1119 συναρτήσας,
794 1039 872 1120 μέχρι
882 1041 971 1107 νυκτὸς
1018 1061 1115 1098 carmen
1130 1048 1300 1098 meditabatur.
1334 1051 1512 1112 Nonnunquam
1525 1050 1562 1099 lae
1573 1053 1598 1100 et
1609 1051 1693 1100 vinum
1706 1052 1807 1103 intense

187 1131 299 1213 συρίζειν
318 1129 441 1205 ἐμελέτα.
486 1127 541 1187 Καί
554 1151 616 1187 ποτε
631 1128 659 1186 δέ
680 1126 829 1187 ἐκοινώνουν
841 1130 972 1204 γάλακτος
1018 1137 1245 1198 communicabant,
1266 1136 1422 1200 victumque,
1442 1151 1514 1200 quem
1533 1138 1605 1188 domo
1619 1140 1764 1203 attulerant,
1781 1141 1806 1190 in

187 1220 232 1278 καί
250 1216 402 1289 οίνου,.καὶ
416 1214 533 1297 τρορθς,
552 1215 582 1279 ἃς
602 1215 700 1273 οἴκοθεν
718 1215 824 1295 ἔφερον,
842 1214 971 1282 εέςκοινδν
1019 1237 1148 1274 commune
1167 1224 1329 1275 conterebant.
1364 1225 1440 1275 Citius
1458 1228 1511 1289 quis
1529 1228 1612 1277 orium
1630 1241 1659 1277 ac
1677 1242 1807 1292 caprarum

188 1307 288 1387 ἔφερον,
338 1306 442 1365 Θᾶττον
456 1304 487 1362 ἄν
498 1328 536 1367 τις
547 1295 599 1361 εἶδε
612 1303 646 1360 τὰ
657 1304 765 1379 ποίμνια
778 1303 823 1361 καὶ
837 1303 883 1370 rte
895 1293 973 1381 αἶγας
1018 1313 1484 1377 gregasaseinricemdiq'uoctosquam
1491 1315 1665 1380 cliloenatque
1674 1319 1807 1382 Daphnim,

189 1397 235 1453 ἀπ’
248 1393 369 1464 ἀλλήλων
387 1390 580 1472 μεμερισμένας
595 1390 612 1463 ἢ
628 1391 716 1463 Χλόην
732 1390 777 1449 καί
792 1391 902 1470 Δάρνιν.
1020 1401 1126 1451 vidisset.

151 1503 174 1541 m
229 1483 291 1543 lh'.
308 1486 428 1543 Τοιαῦτα
442 1482 463 1541 δ’
476 1484 562 1540 αὐτῶν
575 1481 730 1555 παιζόντων,
744 1479 846 1538 τοιάνδε
858 1478 972 1548 σπουδήν
1050 1495 1092 1541 xl.
1104 1492 1164 1555 ipsis
1173 1494 1254 1542 autem
1264 1493 1298 1542 sio
1308 1493 1445 1543 ludentibus
1454 1495 1527 1544 talem
1540 1502 1613 1545 Amor
1622 1497 1703 1558 injecit
1713 1513 1806 1549 curam

188 1570 277 1654 Ἔρως
290 1571 432 1630 ἀνέπλασε.
477 1569 597 1629 Λύκαινα
608 1569 737 1650 τρέραυσα
751 1568 879 1645 σκύμνους
892 1567 972 1638 νέους,
1021 1579 1088 1638 Lupa
1106 1576 1233 1639 quaedam,
1252 1582 1359 1627 recemes
1372 1579 1440 1628 alens
1456 1581 1559 1642 catulos,
1574 1583 1688 1644 proximis
1702 1597 1735 1633 ex
1745 1585 1810 1647 agris

192 1663 222 1719 ἐκ
243 1664 293 1718 τῶν
314 1659 425 1730 πλησίον
444 1661 530 1736 ἀγρῶν
550 1658 576 1726 ἐξ
593 1658 678 1716 ἄλλων
700 1657 827 1732 ποιμνίων
848 1657 974 1721 πολλάκις
1021 1660 1097 1709 mulla
1113 1673 1178 1722 sepe
1191 1660 1298 1724 rapiebat
1309 1661 1340 1710 de
1350 1661 1403 1710 aliis
1417 1662 1541 1726 gregibus,
1559 1666 1624 1727 quod
1639 1666 1755 1718 alimento
1767 1682 1809 1718 oo·

191 1748 301 1829 ἥρπαζε,
313 1750 412 1817 πολλῆς
424 1752 520 1827 τροφῆς
533 1749 557 1812 ἒς
567 1743 714 1824 ἀνατρορὴν
725 1749 776 1803 τῶν
789 1744 911 1818 σκύμνων
923 1745 975 1803 δεο-
1022 1745 1087 1806 ρίῠθο
1101 1744 1132 1793 ad
1145 1758 1201 1794 suos
1215 1747 1308 1795 catulos
1319 1747 1474 1797 enutriendos
1488 1763 1548 1812 aptis
1560 1750 1668 1801 liaberet.
1703 1755 1811 1815 congro·

192 1836 270 1912 μένη.
316 1834 488 1901 Συνελθόντες
509 1824 551 1889 οθν
567 1834 590 1890 oi
608 1837 730 1907 κωμῆται
749 1831 866 1910 νύκτωρ,
890 1831 975 1909 σιροθς
1020 1830 1068 1890 gali
1089 1830 1161 1890 Ῐθίίῦί
1181 1833 1266 1894 Ρθθθθῑ
1284 1835 1374 1894 ὓθῦῑῑῑτ
1398 1833 1507 1882 ⁸0¹⁰bl¹¹¹
1528 1835 1662 1897 θίίῠᾶίῦθῑι
1682 1836 1811 1887 ίθῐίῑῦἆίῦθ

152 1949 178 1986 en
191 1927 325 2005 ὀρύττουσι
345 1924 374 1979 τδ
392 1914 463 1999 εὖρος
476 1924 594 2002 ὀργυιάς,
613 1919 643 1977 τὸ
664 1919 740 1997 βάθος
755 1920 896 1997 τεττάρων,
936 1920 975 1979 Τὸ
1021 1915 1092 1964 unius
1111 1914 1189 1976 ulnae,
1208 1916 1335 1965 altitudine
1349 1920 1462 1978 quatuor.
1497 1920 1527 1968 itt
1541 1919 1640 1981 quidem
1656 1919 1759 1971 humum
1774 1923 1812 1972 ef·

193 2013 239 2090 μὲν
255 2011 286 2082 δή
300 2015 381 2091 χῶμα
396 2011 426 2068 τὸ
439 2011 505 2068 πολὺ
524 2009 670 2088 σπείρουσι,
686 2007 841 2084 κομίσαντες
857 2006 975 2087 μακράν,
1023 2000 1108 2049 f⁰⁸⁸⁸¹¹¹
1128 2000 1212 2061 Ιῃθίθέί
1235 2015 1266 2051 ⁰¹
1280 2006 1348 2064 parte
1366 2003 1522 2064 dispergunt,
1541 2017 1594 2053 θέω
1614 2006 1697 2068 ΡΜΙΙΙ
1716 2019 1731 2056 ⁸
1748 2006 1813 2057 s⁰⁸⁸¹

193 2099 256 2167 ξύλα
271 2097 298 2156 δὲ
313 2098 379 2177 ξηρὰ
393 2097 483 2176 μακρὰ
497 2098 627 2163 “imm
640 2095 764 2176 ὓπγχτοῦ
778 2097 929 2175 χάσματος,
945 2097 974 2153 τι,
1022 2085 1187 2144 removentem
1205 2085 1270 2132 sicca
1286 2086 1367 2134 autem
1381 2085 1444 2179 ligna
1458 2085 1529 2148 longa
1545 2099 1618 2149 super
1631 2088 1720 2138 fossam
1733 2088 1811 2138 luten·

1022 2164 1124 2225 dentes,
1144 2179 1174 2215 ea
1192 2166 1360 2229 adspersemnt
1380 2168 1420 2216 illa
1438 2171 1517 2226 terra,
1539 2184 1595 2233 quae
1614 2184 1646 2220 ex
1659 2172 1706 2221 bae
1723 2173 1813 2222 effossa

1024 2247 1178 2307 remanebat,
1198 2252 1225 2297 ut
1238 2251 1321 2298 similis
1338 2253 1399 2299 esset
1411 2251 1474 2300 fossa
1488 2253 1587 2314 pristino
1601 2254 1668 2311 solo,
1684 2256 1762 2315 utque
1773 2253 1813 2303 rel

1024 2332 1106 2394 lepus,
1126 2334 1147 2381 st
1167 2335 1334 2396 percurreret,
1356 2334 1400 2382 ista
1422 2335 1484 2396 ligna
1502 2335 1597 2397 stipulis
1614 2337 1671 2399 ipsis
1691 2336 1814 2399 fragiliora

1024 2416 1190 2480 confringeret,
1205 2423 1278 2481 atque
1289 2421 1342 2468 tum
1355 2419 1444 2468 faceret
1456 2418 1588 2480 indicium,
1604 2421 1670 2483 quod
1684 2424 1750 2472 terra
1762 2436 1814 2472 non

1024 2501 1094 2559 esset,
1106 2500 1147 2549 sed
1156 2501 1326 2551 tantummodo
1335 2502 1424 2551 terram
1434 2501 1576 2552 imitaretur.
1610 2503 1693 2554 Multis
1704 2502 1729 2554 id
1738 2516 1814 2568 genus

1025 2585 1094 2634 fossis
1106 2599 1148 2648 per
1160 2589 1264 2650 mentm,
1279 2601 1322 2650 per
1334 2602 1431 2650 cenrpos
1441 2587 1531 2648 ductis,
1545 2589 1629 2650 lupam
1642 2592 1726 2640 tamen
1740 2591 1814 2641 baud-

1024 2676 1146 2725 qruquam
1157 2678 1242 2727 capere
1251 2669 1396 2728 potuerunt,
1409 2666 1482 2715 sentit
1491 2665 1554 2715 enim
1565 2666 1615 2727 ipsa
1623 2680 1724 2730 quoque
1733 2669 1758 2718 in
1768 2670 1815 2720 liae

192 2186 311 2269 περιττὸν
331 2192 377 2245 τοῦ
396 2186 519 2265 χώματος
538 2185 707 2257 κατέπασαν,
725 2189 771 2255 τῆς
789 2186 913 2264 πρότερον
931 2188 976 2262 γῆς

193 2276 293 2333 εἰκόνα·
307 2273 375 2333 ὥστε
391 2273 439 2332 κᾶν
454 2271 541 2352 λαγὼς
560 2273 710 2352 ἐπιδράμῃ,
732 2276 853 2352 κατακλᾷ
867 2273 900 2331 τὰ
913 2273 976 2341 ξύλα

153 2382 179 2420 aa
195 2367 303 2444 καρρῶν
317 2364 489 2442 ἀσθενέστερα
501 2362 572 2434 όντα,
585 2360 632 2419 καί
641 2360 700 2420 τότε
712 2362 823 2441 παρέχει
834 2368 925 2438 μαθεῖν
937 2360 977 2420 ότι

193 2456 226 2528 γῆ
242 2454 287 2509 οὐκ
301 2442 333 2522 {a
347 2448 415 2508 άλλδι
429 2448 563 2526 μεμίμητο
577 2455 635 2527 γῆν.
673 2453 790 2508 Τοιαῦτα
805 2452 889 2508 πολλὰ
902 2450 977 2527 ὀρύγ-

187 2563 266 2615 ματα
285 2539 334 2597 κδν
346 2547 399 2605 τοῖς
417 2538 488 2619 όρεσι
505 2537 554 2597 κάν
574 2539 627 2604 τοῖς
643 2538 741 2605 πεδίοις
758 2537 910 2617 ὀρύξαντες,
930 2536 977 2608 τήν

194 2629 242 2705 μέν
260 2629 386 2687 λύκαιναν
406 2629 453 2687 ούκ
467 2627 615 2708 εὐτύχησαν
633 2627 738 2686 λαθεῖν·
758 2629 909 2686 αἰσθάνεται
927 2626 977 2705 γὰρ

194 2719 239 2776 ²²¹
259 2721 307 2796 Υῆἐ
325 2718 526 2798 σωθθῑσίίίνθί·
546 2716 646 2784 πολλὰ(
667 2717 690 2775 δ’
709 2708 784 2794 αἶγα(
804 2716 849 2775 καί
868 2715 978 2794 ποίμνια
1025 2745 1088 2791 terra
1106 2742 1207 2792 subdola
1221 2743 1330 2794 fraudem
1342 2745 1451 2803 subesse;
1469 2745 1558 2793 multas
1572 2757 1629 2794 vero
1641 2758 1728 2808 capras
1739 2750 1814 2811 atque

155 2821 181 2859 ³⁰
196 2807 350 2888 δίέθθῑίθανι
362 2806 407 2866 καί
420 2806 519 2886 Mill*
531 2809 595 2884 παρ’
607 2804 703 2883 6>lsl⁰lr
719 2797 778 2867 ὧδε·
1001 2806 1004 2871 ί
1024 2833 1082 2869 oves
1092 2819 1263 2883 perdiderunt,
1274 2822 1333 2883 quin
1346 2822 1429 2871 elfere
1441 2821 1576 2883 Daphnim,
1589 2834 1645 2871 casu
1662 2823 1811 2884 huiusmodi,

237 2895 291 2954 iss‘.
312 2895 410 2974 Τράγοι
422 2892 621 2974 παροξυνθέντες
634 2896 659 2959 ἔς
673 2894 762 2974 μάχην
778 2893 925 2954 συνέπεσον.
941 2897 978 2975 τῷ
1001 2898 1004 2933 ²
1056 2904 1110 2950 xli.
1126 2902 1191 2950 Hirci
1204 2901 1299 2961 irritati,
1309 2900 1339 2950 ad
1352 2914 1455 2964 pugnam
1465 2905 1647 2951 concurrerunt.
1680 2903 1730 2952 Uni
1740 2903 1814 2966 igitar

195 2974 239 3042 οθν
254 2984 333 3062 ἑτέρῳ
348 2983 378 3041 τὸ
392 2982 478 3063 ἕτερον
493 2983 582 3064 κέρας,
599 2982 745 3063 βιαιοτέρας
759 2985 898 3060 γενομένης
913 3007 977 3058 συμ-
1002 2984 1004 3051 ξ
1026 3002 1101 3038 cornu
1113 2989 1215 3038 alterum
1225 3003 1256 3038 ex
1265 2989 1401 3038 violentiori
1411 2988 1523 3038 conllietu
1534 2989 1665 3051 frangitur;
1677 2992 1720 3053 qul
1729 2990 1814 3042 doleus

196 3071 284 3142 θολῆς,
301 3070 438 3150 θραύεται·
453 3069 498 3128 καί
511 3070 640 3149 ἀλγήσας,
655 3069 848 3150 φριμαξάμενος
858 3075 883 3136 ἐς
896 3070 978 3148 φυγήν
1002 3058 1004 3103 ί
1026 3077 1096 3137 inde,
1116 3077 1288 3127 fremebundus
1304 3091 1329 3127 se
1341 3079 1365 3126 in
1379 3079 1458 3140 lugam
1470 3078 1543 3127 dedit.
1575 3078 1659 3127 Victor
1675 3081 1759 3129 anum
1772 3092 1814 3143 per

197 3158 333 3237 ἐτράπετο.
378 3158 412 3217 ‘0
426 3159 452 3216 δέ
467 3162 545 3216 νικῶν
555 3159 615 3218 κατ’
627 3158 696 3237 ’ίχνος
709 3161 833 3234 έπόμενος
844 3158 977 3216 ἄπαυστον
1002 3166 1005 3179 “
1025 3167 1124 3228 vestigia
1141 3167 1260 3215 insectans
1273 3167 1419 3228 lugientem,
1438 3179 1453 3214 a
1467 3167 1631 3229 persequendo
1645 3181 1695 3217 non
1711 3167 1813 3219 destitit.

157 3266 182 3305 ou
198 3247 278 3305 ἐποίει
289 3246 337 3316 τήν
352 3247 445 3325 ρυγήν.
489 3247 576 3323 Ἀλγεῖ
589 3246 688 3327 Δάφνις
699 3246 758 3326 περί
771 3252 808 3326 τῷ
819 3246 919 3325 κέρατι,
934 3248 979 3304 καὶ
1027 3254 1133 3316 Daphnis
1147 3256 1271 3304 confracto
1288 3254 1371 3303 dolens
1385 3268 1474 3314 cornu,
1493 3257 1647 3318 offensusque
1664 3255 1706 3305 illa
1726 3260 1813 3307 matu·

197 3334 391 3411 τῇθρασύτητι
411 3335 542 3400 ἀκθεσθείς
555 3337 602 3402 τήν
616 3335 771 3415 καλαύροπα
784 3336 873 3393 λαθὼν
889 3334 980 3394 ἐδίωκε
1026 3342 1118 3403 macla,
1139 3342 1200 3405 pedo
1214 3347 1323 3405 arrepto,
1343 3346 1524 3405 persequentem
1540 3343 1738 3406 persequebatur.
1772 3346 1813 3395 uu

197 3421 240 3480 τδν
256 3422 390 3479 διώκοντα.
433 3414 487 3481 Οἷα
501 3422 527 3480 δέ
540 3429 586 3481 τοῦ
622 3424 648 3481 ἐν
663 3425 881 3505 θπεκρεύγοντος,
898 3430 943 3483 τοῦ
958 3425 980 3483 δ’
1002 3466 1005 3489 .
1026 3433 1107 3480 numm
1120 3431 1169 3481 fere
1181 3432 1217 3495 tlt,
1230 3432 1306 3481 altero
1315 3433 1414 3494 quidem
1428 3432 1629 3493 subterfugiente,
1645 3432 1814 3486 altercantem

197 3512 261 3590 ὀργῇ
270 3508 414 3581 διώκοντος,
427 3512 474 3569 οὐκ
483 3449 631 3590 αἰκριθίμθίν
639 3516 690 3569 τῶν
700 3516 726 3570 ἐν
734 3513 834 3584 ποσίνὴ
845 3512 979 3594 πρόσυρις·
1002 3496 1005 3611 γ
1026 3517 1061 3564 ira
1072 3517 1171 3580 abrepto
1181 3520 1206 3567 et
1215 3521 1382 3581 persequente,
1394 3531 1442 3568 non
1453 3521 1534 3569 certus
1543 3521 1601 3569 satis
1613 3533 1707 3583 eorum,
1718 3535 1775 3584 quaa
1783 3522 1816 3573 ad

199 3596 266 3655 ἀλλὰ
291 3597 359 3655 κατὰ
384 3599 522 3676 χάσματος
552 3600 633 3681 άμρω
660 3600 821 3678 πίττοοττν,
848 3605 862 3662 ὁ
885 3603 980 3682 τράγος
1002 3622 1005 3653 :
1026 3605 1098 3668 pedes
1109 3606 1283 3667 occurrebant,
1299 3611 1515 3669 prospectuseral;
1533 3609 1574 3658 sed
1590 3608 1614 3658 in
1629 3610 1724 3661 foveam
1740 3612 1816 3663 amba

156 3686 329 3767 εοπρύτερος,
343 3685 601 3765 διθάιρνιςδεύτερος.
637 3691 723 3748 Τοῦτο
734 3689 778 3747 καί
788 3688 871 3749 ἔσωσε
881 3691 979 3769 Δάφνιν
1026 3693 1151 3756 incidunt,
1168 3695 1247 3744 hircus
1259 3696 1337 3758 prior,
1354 3697 1470 3758 posterior
1486 3698 1600 3759 Daphnis.
1635 3701 1665 3747 at
1677 3699 1725 3748 boc
1734 3699 1814 3762 ipsum

197 3775 346 3853 χρήσασθαι
358 3777 405 3844 τῆς
417 3785 565 3856 καταφορᾶς
575 3776 693 3854 ὀχήματι
703 3780 740 3856 τῷ
753 3778 850 3857 τράγῳ.
886 3777 920 3837 ‘0
933 3778 979 3854 μὲν
1026 3782 1146 3845 Daphnim
1161 3783 1274 3844 servavit,
1290 3786 1374 3846 utpote
1386 3785 1454 3834 hirco
1467 3798 1510 3847 pro
1522 3785 1641 3846 vehiculo,
1655 3800 1705 3849 quo
1716 3787 1816 3841 innisus

199 3863 231 3933 δὴ
245 3863 289 3921 τὸν
301 3861 504 3940 ἀνιμησάμενον,
519 3863 543 3921 εί
553 3888 590 3931 τις
602 3864 653 3943 ἄρα
665 3865 775 3944 γένοιτο,
791 3865 910 3945 δακρύων
923 3865 980 3924 ἀνέ·
1026 3870 1187 3930 delaberetur,
1204 3884 1282 3920 nsum.
1324 3876 1403 3935 Atque
1416 3874 1456 3923 iile
1465 3873 1564 3936 quidem
1579 3874 1787 3940 lacrimabundus,
1801 3890 1816 3927 a

199 3974 288 4026 μενεν·
305 3956 321 4021 ἡ
339 3949 365 4008 δὲ
380 3952 456 4022 Χλόη
471 3953 620 4028 θεασαμένη
635 3952 665 4011 τδ
684 3951 805 4030 συμθδν,
824 3955 912 4037 δρόμῳ
925 3979 980 4013 τοτ-
1026 3972 1075 4020 qno
1093 3957 1277 4020 extraheretur,
1297 3959 1382 4021 siquis
1399 3964 1534 4022 appareret,
1551 3962 1721 4024 exspectabam
1736 3964 1817 4015 clrlcd

199 4039 331 4119 ραγίνιται
346 4043 411 4118 πρὸς
423 4039 466 4098 τὸν
484 4039 569 4119 σιρδν,
588 4041 634 4098 καὶ
650 4046 769 4114 μαθοῦσα
783 4040 823 4100 ότι
836 4046 867 4120 ζῇ
876 4089 883 4115 ,
903 4045 981 4101 καλεῖ
1027 4059 1100 4108 vero,
1119 4048 1148 4095 ut
1165 4047 1306 4109 conspexit,
1325 4047 1390 4109 quod
1405 4051 1533 4108 evenerat,
1554 4049 1665 4110 pmtinus
1678 4050 1709 4099 ad
1724 4051 1816 4101 taum

158 4146 184 4184 aa
198 4127 256 4187 τινδ
277 4127 401 4206 βουκόλον
420 4129 450 4185 ἐκ
467 4130 518 4185 τῶν
534 4131 619 4209 αἰγρῶν
635 4133 687 4188 τῶν
704 4129 815 4201 πλησίον
829 4130 894 4209 πρὸς
912 4133 976 4191 ίπι-
1026 4134 1139 4196 advolat,
1160 4136 1235 4196 alque
1254 4134 1321 4183 illum
1336 4136 1417 4184 vivere
1428 4149 1590 4199 cognoscens,
1609 4150 1637 4186 ex
1653 4138 1716 4200 agris
1728 4140 1818 4190 vicinis

199 4219 315 4297 κουρίαν.
359 4213 393 4276 Ὁ
414 4217 438 4274 δ’
456 4215 538 4274 ἐλθὼν
546 4261 554 4288 ,
576 4219 678 4296 σχοῖνον
700 4217 784 4289 ἐζήτει
803 4218 929 4299 μακράν,
950 4213 982 4292 ἧς
1028 4226 1147 4286 pastorem
1165 4222 1295 4287 quemdam
1316 4224 1406 4273 auxilio
1424 4224 1566 4274 adfutumm
1585 4229 1666 4276 vocat.
1700 4226 1743 4277 ute
1758 4240 1817 4279 eum

199 4304 335 4382 ἐχόμενος,
355 4303 518 4381 θνιμώμενος
533 4304 685 4377 ἰαθήσεται.
702 4305 747 4364 καὶ
760 4314 861 4385 σχοῖνος
873 4305 921 4383 μὲν
934 4311 981 4367 οὐκ
1027 4312 1176 4376 advenisset,
1197 4313 1294 4375 longum
1312 4312 1435 4375 quaerebat
1450 4314 1545 4373 tarnem,
1566 4314 1604 4363 cui
1620 4313 1748 4364 adhaerens
1765 4318 1816 4367 Da·

200 4384 244 4463 ἦν·
262 4398 279 4463 ἡ
295 4391 322 4451 δέ
338 4393 414 4465 Χλόη
426 4393 563 4471 λυσαμίνη
578 4394 691 4470 ταινίαν,
711 4395 800 4453 δίδωσι
814 4396 930 4454 καθεῖναι
945 4402 982 4478 τῷ
1028 4402 1098 4464 phnis
1122 4401 1215 4450 extrahi
1236 4404 1260 4451 et
1281 4401 1316 4450 sic
1336 4402 1436 4451 evadere
1461 4405 1547 4466 posset.
1588 4406 1679 4453 Verum
1699 4405 1767 4455 funis
1785 4404 1818 4456 ad

202 4479 333 4560 βουκολῳ·
355 4482 400 4539 καί
422 4480 502 4549 οὕτως
519 4485 542 4541 οἱ
562 4481 609 4572 μὲν
625 4481 668 4540 ἐπί
689 4487 732 4540 τοῦ
754 4484 856 4562 χείλους
874 4486 982 4551 ἑστῶτες
1028 4503 1127 4539 manum
1138 4503 1186 4539 non
1200 4493 1267 4553 erat;
1281 4491 1357 4541 chloe
1369 4491 1441 4552 igilur
1452 4492 1612 4541 statimsuam
1622 4491 1695 4541 soluit
1706 4494 1818 4554 taeniam,

160 4583 187 4621 bo
201 4555 301 4638 εἷλκον,
319 4574 332 4626 ό
347 4571 369 4626 δ’
384 4570 464 4642 ἀνέθη
481 4574 538 4638 ταῖς
552 4575 600 4641 τῆς
611 4570 710 4637 ταινίας
721 4573 810 4639 όλκαῑς
823 4581 879 4641 ταῖς
893 4574 983 4654 χερσίν
1029 4583 1053 4628 et
1074 4579 1137 4628 banc
1156 4579 1328 4630 demittendam
1351 4580 1457 4630 bubulco
1478 4581 1511 4631 illi
1536 4581 1643 4643 porrigit.
1686 4583 1769 4642 Atque
1794 4582 1819 4632 bi

202 4655 357 4714 ἀκολουθῶν.
410 4658 583 4733 ’τίνιμήσαντο
606 4660 634 4718 δέ
651 4659 696 4718 καὶ
715 4658 757 4717 τὸν
779 4660 866 4719 άθλιον
887 4663 983 4742 τράγον
1028 4668 1127 4732 quidem
1147 4668 1212 4718 hune
1230 4669 1254 4718 in
1275 4669 1376 4718 modum
1394 4669 1424 4718 ad
1440 4670 1505 4718 labra
1524 4671 1592 4718 losse
1610 4672 1701 4718 stantes
1718 4670 1821 4722 trabere

202 4744 438 4821 συντεθραυσμένον
450 4746 530 4829 άμρω
540 4746 692 4827 resipere·
703 4752 823 4806 τοσοῦτον
836 4749 887 4829 ἄρα
897 4754 914 4820 ἡ
924 4750 982 4822 δίκη
1029 4759 1166 4820 empemnt3
1179 4756 1285 4819 Daphnis
1294 4770 1352 4806 uero
1361 4758 1469 4816 taeniam,
1482 4770 1530 4820 qua
1539 4756 1691 4817 trahebatur,
1703 4757 1821 4809 manibus

203 4832 314 4907 μετῆλθε
335 4835 379 4889 τοῦ
396 4833 541 4904 νικηθέντος
557 4836 667 4914 τράγου.
709 4840 735 4895 Τ
736 4840 810 4893 οῦτον
826 4834 873 4912 μὲν
890 4836 921 4907 δὴ
936 4861 982 4894 τυ-
1029 4843 1212 4908 subsequendo,
1231 4845 1347 4896 ascendit.
1381 4847 1511 4907 Postquam
1525 4848 1605 4895 autem
1619 4845 1733 4895 miscmm
1747 4845 1820 4896 iilum

203 4917 344 4996 θησόμενον
354 4920 505 4998 χαρίζονται
517 4925 622 5001 σῶστρα
634 4926 671 5002 τῷ
683 4923 810 5002 βουκόλῳ,
820 4924 864 4982 καί
875 4923 982 5000 ἔμελλον
1031 4936 1124 4985 hircum
1137 4937 1302 4997 extraxerunt,
1317 4935 1355 4984 cui
1368 4938 1497 4998 utrumque
1510 4949 1585 4985 cornu
1595 4935 1749 4985 confractum
1763 4936 1820 4996 fuit,
