3726 5692
570 322 573 327 ¹
669 358 786 418 ursan
808 358 876 419 vu.
1531 377 1585 427 ιιι

106 505 129 538 ιν
143 484 180 548 εἷς
190 479 221 540 τδ
232 483 345 540 συνιέναι
360 483 590 562 προσόιύάζουσα·
604 487 649 545 καὶ
666 486 713 557 τήν
725 509 753 545 τε
800 495 904 544 volucris
915 497 1005 545 tectam
1019 497 1197 558 intelligendam
1211 499 1378 562 relinquebat,
1394 500 1587 554 benevolentiam

106 593 124 626 ιν
140 571 331 650 φιλοφροσύνην
347 576 393 643 τῆς
415 573 552 643 δεσποίνης
571 575 753 651 μεγαλύνουοα
799 584 903 634 dominae
913 598 968 646 erga
976 585 1054 647 ipsum
1065 586 1198 649 praedicans
1209 590 1233 637 et
1244 601 1301 637 cum
1312 589 1526 652 pulchritudinem,
1538 607 1587 643 non

106 659 173 726 ίλλος
196 662 225 717 οὐ
247 659 277 718 rb
302 662 456 738 perseipsum
478 661 555 740 μόνον
573 663 703 721 ἀλλὰκαὶ
723 663 752 720 τὸ
800 676 954 735 apparentem
967 675 1071 734 tautum,
1084 674 1160 725 sedet
1169 688 1232 735 eam,
1244 690 1300 739 quae
1313 678 1400 727 vestitu
1414 680 1587 743 contineretur,

106 755 153 820 lece
168 748 236 826 μετά
250 774 326 809 τινων
340 750 453 828 εὐλόγων
466 752 623 832 προφάσεων
639 754 682 810 ὑπ’
694 753 753 832 ὄψιν
799 761 944 824 quibusdam
959 763 1157 812 convenientibus
1172 765 1337 816 occasionibus
1349 767 1382 815 ob
1395 768 1478 817 oculos
1489 782 1587 831 ponens,

106 839 128 897 ri
149 837 179 897 τδ
197 830 257 910 ἦθος
272 842 307 905 ὥς
322 839 437 918 έρασμία
455 863 483 898 τε
507 841 552 899 καί
575 841 693 915 εὐόμιλος
707 841 752 900 καλ
799 852 852 898 tum
866 862 961 908 mores,
975 850 1039 912 quod
1051 854 1129 901 essent
1142 853 1258 903 amabiles
1269 855 1294 903 et
1314 868 1370 904 cum
1385 856 1490 917 quadam
1511 859 1587 908 taciti-

106 934 160 992 τοῖς
175 925 325 1007 ἁδροτέραις
346 928 391 985 καὶ
409 929 610 1010 άγερωχοτέροις
624 933 675 987 τῶν
688 930 752 988 νέων
800 940 849 988 tate
861 939 984 1001 conjuncti
995 941 1020 989 et
1030 940 1096 1002 quod
1108 940 1268 991 delectaretur
1281 942 1459 995 delicatioribus
1468 949 1492 995 el
1505 948 1588 997 valeu-

125 1015 271 1095 ἀπόπειραν
292 1019 318 1074 ἐν
337 1007 373 1083 οἷς
400 1015 494 1096 διεξῄει
515 1018 706 1103 λαμύάνουσα,
729 1022 752 1077 εί
800 1026 899 1076 tioribus
921 1028 1120 1078 adolescentibus.
1154 1033 1185 1080 Et
1213 1032 1237 1079 in
1262 1044 1371 1094 summa,
1396 1035 1588 1096 experimentum

106 1128 119 1160 ι
145 1105 198 1170 τοῖς
222 1105 412 1184 ἐπαφροδίτως.
456 1105 544 1166 Καὶδ
567 1108 702 1186 Θεαγένης
722 1108 752 1166 τδ
798 1117 908 1180 capiebat
920 1118 943 1167 in
956 1119 1066 1182 iis,ane
1080 1120 1205 1174 narrabat,
1221 1134 1252 1170 an
1267 1123 1382 1172 venereis
1394 1123 1465 1173 rebus
1477 1125 1587 1176 allicere-

106 1190 274 1273 ιλοφροούνης
285 1191 330 1251 καί
351 1197 386 1260 ὡς
400 1194 524 1274 φιλέλλην
536 1195 566 1253 τὸ
577 1186 637 1266 ἦθος
646 1196 691 1254 καὶ
702 1195 751 1254 ὅσα
798 1209 847 1256 tur.
880 1207 1017 1268 Theogenes
1039 1210 1121 1258 autem
1144 1208 1337 1260 benevolentiam
1359 1210 1423 1260 illius
1437 1224 1492 1274 erga
1511 1226 1549 1273 se,
1564 1216 1588 1262 et

106 1280 297 1360 maturissimi
318 1281 396 1362 χάριν
419 1283 564 1360 ὡμολόγει,
585 1282 618 1342 τδι
639 1285 662 1343 δ’
686 1286 751 1342 έπα-
798 1292 863 1354 quod
884 1295 992 1343 moribus
1006 1298 1068 1344 esset
1087 1297 1210 1359 propensis
1224 1297 1248 1345 in
1264 1309 1372 1347 amorem
1388 1301 1541 1361 Graecorum,
1563 1304 1587 1351 et

115 1368 299 1449 ἀτοπωτέρων,
311 1372 346 1438 ὡς
361 1369 391 1429 δν
405 1372 471 1447 μηδὲ
485 1373 578 1438 συνιεὶς
591 1371 639 1443 τὴν
655 1372 751 1453 ἀρχὴν,
798 1395 951 1445 quoacunque
964 1382 1023 1432 talis
1039 1387 1166 1445 praeterea,
1182 1384 1335 1435 collaudabat
1353 1389 1378 1436 et
1390 1387 1486 1449 insuper
1501 1390 1587 1450 agebat

108 1457 223 1537 ρέύαινε.
268 1458 386 1537 Πνιγμδς
409 1459 492 1519 τοίνυν
514 1452 569 1540 εἶχε
591 1460 638 1532 τὴν
656 1468 749 1539 γραῦν,
797 1470 893 1530 gratias.
927 1472 1000 1518 Porro
1012 1468 1137 1520 illecebras
1150 1471 1318 1523 absurdiorum
1333 1489 1415 1525 rerum
1426 1490 1505 1539 neque
1520 1478 1587 1527 intel·

106 1550 162 1615 λυζε
173 1545 220 1618 τὴν
237 1547 359 1627 καρδίαν,
376 1549 554 1627 στοχαζομένη
566 1547 613 1626 μέν
629 1554 665 1616 ὡς
687 1574 751 1608 συν-
798 1556 872 1618 ligem
886 1557 918 1607 ab
931 1557 1013 1618 initio,
1027 1561 1112 1621 sponte
1131 1560 1275 1622 preteribat.
1310 1566 1390 1623 Angor
1404 1563 1476 1624 igitur
1489 1564 1586 1625 quidam

106 1636 302 1714 προαγωγείας,
324 1639 582 1712 άπαυίλαδιαζόριενον
595 1637 621 1696 δέ
634 1638 679 1696 καὶ
694 1640 751 1698 διω-
797 1644 883 1694 invasit
895 1658 968 1694 anum
983 1649 1008 1696 et
1019 1647 1088 1708 quasi
1104 1647 1255 1709 pungebatur
1263 1648 1345 1698 dolore
1359 1650 1447 1710 cordis,
1462 1665 1517 1701 cum
1530 1665 1587 1701 con·

106 1727 191 1804 δρῶσα
205 1724 253 1795 τλν
267 1732 360 1804 πεῖραν
378 1726 423 1782 καί
438 1725 485 1797 τὴν
506 1726 635 1804 Ἀρσάκην
650 1726 750 1785 οὐκέτι
794 1732 925 1794 lactaretur
934 1748 991 1784 eum
999 1735 1267 1797 iutelligereillocebras‚
1278 1738 1383 1787 fastidire
1390 1741 1471 1789 antem
1482 1744 1506 1789 et
1514 1741 1587 1803 repel-

106 1813 110 1870 ἱ
133 1815 156 1871 τ’
167 1805 200 1884 ἦν
227 1814 260 1871 δι’
283 1813 363 1893 ὄχλου
386 1814 524 1892 γινομένην
547 1815 592 1873 καί
616 1823 750 1895 καρτερεῖν
797 1819 846 1869 lere
860 1834 943 1869 omnes
956 1825 1058 1872 conatus
1071 1823 1164 1874 rideret
1175 1827 1201 1873 et
1214 1829 1328 1874 Arsacem
1344 1839 1393 1875 non
1409 1827 1513 1888 amplios
1524 1829 1586 1878 terre

106 1901 206 1961 ἱνασδαι
220 1901 348 1976 λέγουσαν
367 1903 477 1973 κοίτην
496 1902 654 1981 ἐπαγγελίαν
670 1907 748 1962 οἰπαι·
796 1907 880 1969 sciret,
899 1911 1090 1960 tumultuantem
1108 1914 1133 1961 et
1154 1924 1203 1961 non
1223 1912 1369 1974 ampliasse
1390 1914 1502 1965 cobibere
1518 1930 1587 1979 posse

106 2013 111 2041 r
134 1988 223 2048 ἄλλοτ’
245 1990 338 2056 ἄλλαις
365 1991 526 2070 προφάσεσιν
549 1991 749 2071 ύπερετίθετοὴ
797 1994 930 2058 dicentem,
946 1999 971 2047 et
990 1998 1095 2060 pollicita
1111 2002 1289 2063 reposcentem,
1304 2014 1360 2062 quae
1375 2002 1433 2051 alias
1453 2002 1505 2053 aliis
1523 2017 1585 2066 prae-

110 2084 156 2136 νῦν
178 2078 227 2155 μὲν
245 2078 401 2158 βουλόμενον
423 2080 466 2138 τὸν
480 2080 583 2138 νεανίαν
599 2083 749 2140 ἀποδειλιᾶν
796 2085 904 2134 textibus
924 2087 1013 2149 Cybele
1035 2087 1173 2150 differebbi;
1201 2089 1336 2150 interdum,
1360 2091 1473 2152 quamtis
1495 2093 1584 2153 vellet,

106 2212 114 2239 ‚
139 2172 184 2225 νῦν
207 2166 230 2226 δ’
250 2167 403 2241 ἀνωμαλίαν
433 2168 492 2226 τινδι
515 2171 750 2249 προσπεπτωκέναι
797 2173 951 2223 reformidare
969 2174 1145 2225 adolescentem
1160 2175 1257 2236 dicens,
1277 2176 1399 2227 interdum
1415 2191 1473 2229 τετυ
1492 2180 1584 2242 aliquid

106 2279 143 2327 νη,
797 2261 949 2312 incommode
961 2263 1074 2313 cecidisse
1086 2265 1184 2326 tingens.

106 2345 127 2401 εὶ
140 2344 264 2420 πέμπτης
277 2366 328 2403 σου
340 2346 430 2403 λοιπὸν
445 2345 490 2404 καὶ
502 2346 578 2420 ἕκτης
588 2347 688 2427 ἡμέρας
699 2373 749 2407 αα.
828 2353 879 2403 ΧΧ.
897 2353 927 2401 tlt
945 2365 1000 2400 cum
1019 2353 1069 2413 iam
1092 2353 1191 2415 quintos
1206 2354 1231 2402 et
1245 2355 1329 2404 sextus
1348 2354 1399 2404 dies
1418 2356 1584 2417 praeteriisset,

106 2433 184 2505 ςιίδη,
196 2433 242 2491 καί
253 2432 299 2503 τὴν
312 2433 472 2513 Χαρίκλειαν
482 2440 528 2506 τῆς
541 2436 669 2515 Ἀρσάκης
679 2437 749 2507 ἅπαξ
796 2439 946 2507 Gbaricleam
955 2443 1043 2490 Arsace
1054 2441 1126 2490 semel
1137 2445 1210 2503 atque
1221 2441 1309 2491 iterum
1322 2442 1388 2492 adse
1401 2448 1509 2493 vocasset
1520 2445 1584 2494 etad

106 2522 201 2602 εύτερον
219 2523 452 2601 προσκεκλημένης
468 2524 513 2582 καί
527 2528 563 2592 εἰς
574 2525 604 2584 τὸ
623 2529 660 2607 τῷ
673 2528 749 2587 Θεα-
796 2528 977 2590 gratificandum
989 2530 1108 2592 Tlrcageui
1121 2529 1252 2580 honorilice
1270 2531 1336 2580 illam
1349 2534 1494 2595 accepisset,
1510 2534 1584 2583 beoc-

106 2609 231 2688 ῑρισμένον
244 2609 311 2684 μετὰ
324 2611 458 2688 τιμῆςκαὶ
470 2614 659 2693 φιλοφροσύνης
671 2618 750 2696 ἑονςσο.
796 2616 948 2679 volentiaque
971 2617 1084 2679 singulari
1109 2619 1190 2668 luisset
1210 2618 1308 2678 interita,
1332 2620 1462 2681 cogebatur
1489 2621 1582 2683 planius

106 2698 249 2777 αγκάζεται
271 2697 316 2756 καί
340 2700 491 2780 λευκότερον
515 2703 684 2781 διαλεχθῆναι
712 2707 749 2783 τῷ
796 2705 899 2767 colloqui
919 2718 975 2753 crim
992 2707 1134 2767 Tbeagene,
1156 2719 1312 2770 amoremque
1335 2711 1417 2769 aperte
1435 2709 1584 2770 exponebat,

106 2784 147 2844 καί
170 2784 214 2844 τδν
239 2782 323 2866 έρωτα
345 2788 578 2868 ἀπαρακαλύπτως
600 2789 748 2870 ἐξηγόρευεν
795 2797 907 2843 sexcenta
922 2793 997 2855 bona,
1015 2795 1034 2843 si
1049 2796 1213 2855 assentiretur,
1228 2800 1294 2845 certo
1309 2797 1437 2858 pollicens,
1457 2800 1493 2857 et,
1507 2803 1584 2858 Quae,

106 2874 146 2933 ιαλ
160 2873 241 2954 μυρία
256 2874 343 2951 equeb
360 2877 606 2956 συγκατατιθεμένῳ
625 2879 749 2957 διεγγυω-
795 2883 900 2943 uratum,
912 2885 948 2931 est
963 2882 1015 2932 llaec
1027 2883 1208 2945 tergiversatio?
1223 2884 1328 2938 addens,
1349 2885 1438 2946 quidve
1453 2884 1512 2933 adeo
1525 2886 1583 2934 ailo·

106 2963 149 3030 Τίς
168 2966 185 3034 ᾗ
202 2963 332 3040 ἀσολμίσ,
349 2972 532 3043 σσροσσνοσῑσσ,
554 2966 580 3024 σί
593 2966 621 3024 δὲ
635 2967 664 3025 σο
687 2969 749 3025 ἅνσ.
795 2982 853 3017 num
868 2969 963 3018 erebus
975 2970 1103 3018 venereis?
1115 2970 1255 3021 adolescens
1265 2973 1314 3019 tarn
1326 2972 1444 3020 formosus
1456 2975 1481 3021 et
1490 2972 1583 3021 tlorentl

114 3051 169 3117 νέος
189 3051 258 3110 olleo,
277 3052 321 3111 ναὶ
341 3051 421 3119 καλὸς
433 3053 478 3111 ναὶ
498 3056 624 3131 ἀκμαῖος,
637 3062 748 3131 γυναῖκα
795 3059 881 3119 aetate,
895 3058 1019 3107 mulierem
1035 3057 1137 3106 similem
1150 3060 1175 3106 et
1194 3071 1276 3107 amore
1295 3059 1359 3106 illius
1373 3059 1582 3114 contabescentem

106 3158 110 3198 ι
122 3145 331 3219 προστετηκυῑαν
345 3145 488 3200 ἀπωθεῖται
499 3143 545 3201 καί
558 3145 607 3222 οὐχ
620 3141 748 3222 ἅρπαγμα
796 3146 901 3207 repellit,
913 3149 938 3194 et
951 3159 998 3194 non
1013 3145 1118 3206 prodam
1133 3145 1201 3193 ducit
1213 3151 1237 3195 et
1249 3147 1273 3194 in
1288 3147 1355 3194 lucro
1367 3146 1433 3208 ponit
1443 3151 1564 3209 negotium
1577 3164 1582 3196 :

107 3251 144 3286 νον
163 3237 277 3287 αοναῖςον
299 3229 328 3287 σὸ
344 3238 454 3309 πρᾶγμα
464 3276 471 3304 ‚
492 3230 563 3298 δέους
584 3230 631 3308 μὲν
649 3230 749 3298 οὐδενὸς
796 3234 928 3296 presertim
947 3234 1013 3283 nulla
1029 3233 1156 3285 tormidine
1173 3247 1222 3282 rem
1242 3237 1418 3296 consequente,
1436 3248 1514 3297 neque
1532 3237 1585 3285 viro

106 3322 111 3387 j
126 3315 239 3395 πράξας,
256 3315 318 3393 μήτ’
332 3316 421 3398 ἀνδρὸς
440 3318 583 3398 παρόνςος,
601 3322 687 3395 κάμοῦ
702 3324 748 3391 τῆς
796 3324 926 3384 prasente,
941 3324 1014 3372 elme
1028 3334 1085 3384 quea
1096 3321 1162 3371 illam
1174 3321 1275 3372 εάυυιινί
1284 3323 1310 3371 et
1320 3322 1401 3371 omnia
1410 3336 1498 3372 arcana
1509 3323 1534 3372 iu
1544 3338 1585 3386 po·

106 3428 125 3476 γε
140 3404 185 3463 καλ
198 3403 286 3462 πάντα
307 3404 444 3485 ἀπόρρητα
466 3406 508 3464 διδι
522 3407 609 3487 χειρὸς
620 3408 747 3486 ἐχούσης,
796 3412 880 3460 testate
897 3410 982 3470 babeo,
998 3411 1060 3460 lianc
1070 3409 1269 3490 consuetudinem
1280 3410 1315 3459 itti
1326 3414 1485 3474 procurante?
1496 3426 1583 3475 neque,

106 3516 134 3549 αν
155 3491 339 3566 διαχονοόοης,
353 3494 422 3570 μήσο
436 3494 477 3553 σοί
488 3518 555 3562 ςςνος
573 3494 677 3564 ἐπόντος
690 3520 748 3556 χνο-
795 3497 860 3560 quod
875 3497 906 3547 ad
920 3500 945 3547 te
965 3498 1064 3561 attinet,
1083 3499 1133 3548 ullo
1154 3499 1314 3549 intercedente
1334 3499 1520 3562 impedimento,
1536 3515 1585 3550 non

108 3581 138 3638 ού
151 3579 270 3661 νύμφης,
284 3583 314 3638 οὐ
326 3587 443 3659 γαμετῆς
455 3582 599 3661 παρούσης.
643 3582 696 3643 Καί
710 3608 749 3642 τοι
794 3599 894 3649 sponsa,
909 3601 957 3637 non
973 3601 1057 3637 uxore.
1092 3586 1165 3651 Atqul
1180 3589 1205 3638 et
1215 3587 1268 3636 bac
1286 3587 1376 3650 sepius
1396 3589 1467 3641 multi
1478 3591 1585 3638 mntem-

106 3692 126 3725 ιν
145 3670 279 3748 ὑπερεῖδον
299 3671 390 3729 πολλοὶ
405 3671 545 3742 πολλάκις,
564 3670 618 3729 ὅσοι
636 3671 667 3743 δὴ
689 3677 749 3730 νοῦν
795 3676 892 3735 serunt,
909 3677 950 3736 qui
965 3689 1023 3724 sana
1037 3678 1118 3726 mente
1131 3676 1241 3739 pradia,
1253 3675 1392 3726 domesticis
1403 3688 1432 3726 ea
1450 3689 1475 3725 re
1487 3676 1546 3726 nibli
1560 3691 1585 3726 se

106 3755 160 3824 :obe
180 3756 228 3834 μίν
248 3758 356 3826 οἰκείους
380 3759 495 3837 ἔγνωσαν
517 3759 588 3817 οὐδὲν
607 3761 637 3817 ἐκ
657 3760 748 3819 τούτου
795 3763 917 3811 nocituros
931 3763 1116 3824 intellexerunt,
1129 3764 1174 3812 sibi
1186 3766 1268 3813 sutem
1280 3765 1420 3826 profuturos
1435 3764 1585 3826 possessione

106 3869 150 3918 ειν,
164 3847 260 3914 αὖτοὺς
272 3849 296 3906 δ’
308 3847 464 3929 ὠφελήσειν,
476 3849 592 3920 κτήσεως
603 3850 749 3928 χρημάτων
794 3865 868 3914 opum
880 3854 904 3900 et
919 3851 998 3900 tructu
1010 3852 1141 3914 uoluptatis
1156 3852 1179 3900 in
1195 3852 1261 3901 lucro
1279 3851 1416 3901 accedente.
1450 3852 1486 3901 ad
1504 3855 1585 3903 estre·

106 3933 169 4005 ,ένης
183 3937 227 3993 ναὶ
240 3939 292 3994 σῶν
306 3937 365 3994 καθ’
377 3938 472 4008 ἡδονὴν
488 3937 671 3997 ἀπολαύσεων,
695 3940 747 3997 Tg·
795 3952 862 3987 inum
877 3943 902 3988 et
917 3939 994 3988 ruinas
1004 3939 1119 4001 quasdam
1135 3940 1286 3989 immiscebat
1299 3940 1414 4000 orationi,
1433 3943 1532 4001 Comes,
1547 3941 1584 3989 di-

106 4022 125 4080 ςὲ
139 4023 185 4080 χοὶ
203 4023 313 4096 &mm
328 4049 385 4082 σνοσ
407 4027 549 4103 χσσσμίφνο
565 4034 616 4092 σσῑς
636 4024 746 4104 impl.
795 4041 860 4088 cens,
872 4029 993 4089 mulieres,
1005 4031 1029 4078 et
1038 4030 1156 4090 iuvenum
1167 4030 1276 4092 cripidae,
1289 4030 1453 4092 implacabiles
1466 4031 1585 4080 exsistunt

106 4111 233 4193 χρησταί,
256 4113 386 4191 λὲροοοο,
409 4113 453 4171 καὶ
475 4114 586 4194 ονλόνςοε
611 4123 747 4192 γυναῖκας,
795 4120 819 4166 ct
831 4129 917 4165 saevam
931 4118 990 4165 iram
1004 4119 1150 4180 concipiunt,
1169 4131 1225 4167 crum
1239 4131 1284 4168 sua
1295 4132 1337 4181 spe
1358 4118 1474 4167 labuntur
1490 4122 1584 4169 ctcon-

106 4200 748 4283 ,γίγνονταικαὶβαρυμήνιδες,ἀποτυγχάνοοοαν
795 4206 1513 4269 tumaces,tauquamcos‚aquibusinjuriaeuntatlcctac,
1532 4221 1584 4256 me·
1664 4275 1666 4279 y
1763 4244 1775 4269 Ι.

106 4287 251 4369 inspiratore
268 4293 303 4356 ὡς
321 4289 443 4371 {riprende
466 4291 570 4356 εἰκότως
594 4292 746 4366 ἀμύνονται,
796 4296 841 4345 rito
854 4294 1011 4344 ulciscuntur.
1046 4298 1101 4344 lam
1114 4294 1144 4343 dc
1157 4296 1219 4357 trac,
1234 4295 1300 4357 quod
1311 4296 1336 4344 et
1352 4298 1428 4344 Persis
1440 4296 1471 4344 sit
1486 4309 1584 4356 genere,

112 4375 173 4449 ,ὅτι
184 4377 230 4436 καλ
243 4378 340 4457 Περσὶς
361 4379 473 4457 τὸγένος
486 4378 564 4437 ἐννόει
588 4380 632 4437 καί
646 4383 680 4445 ὡς
699 4385 747 4457 βα·
795 4384 888 4446 cogita,
901 4385 927 4432 et
945 4383 1023 4445 regius
1041 4384 1149 4444 sanguis,
1161 4383 1226 4446 quod
1248 4384 1274 4432 tu
1290 4383 1340 4446 ipse
1357 4387 1426 4432 antea
1438 4385 1480 4431 tua
1494 4383 1585 4431 contes-

106 4488 154 4542 ια,
169 4471 245 4525 τοῦτο
257 4467 288 4538 δὴ
304 4467 333 4526 τδ
346 4472 392 4539 τῆς
407 4472 454 4538 σῆς
466 4467 636 4545 προσρήσεως
650 4467 695 4524 καὶ
715 4472 749 4534 ὡς
795 4474 862 4522 sione
876 4475 979 4522 testatus
990 4486 1030 4534 es,
1047 4475 1072 4522 et
1091 4472 1155 4535 qnod
1171 4473 1263 4534 magnis
1281 4472 1373 4521 viribus
1385 4475 1409 4521 et
1428 4471 1534 4534 potentia
1554 4472 1585 4521 sit

106 4554 192 4610 ουσίαν
207 4554 252 4612 καί
263 4555 373 4632 δύναμιν
384 4554 574 4635 περιόέόληται
587 4554 629 4633 ὑφ’
639 4545 669 4625 ἧς
682 4557 747 4634 αὐτῇ
795 4563 895 4624 stipata,
909 4576 957 4624 qua
970 4563 1002 4610 illi
1016 4565 1041 4611 et
1053 4562 1144 4611 bonore
1154 4561 1249 4610 afficere
1262 4561 1391 4611 benevolos
1402 4574 1457 4621 erga
1468 4573 1493 4607 se
1505 4563 1528 4607 et
1538 4573 1584 4620 pu·

106 4664 132 4697 αι
144 4639 189 4698 τδν
204 4639 292 4700 εὔνουν
307 4641 352 4700 καί
368 4643 479 4700 κολάσαι
492 4642 535 4699 τὸν
554 4639 748 4717 ἐναντιούμενον
794 4651 847 4700 nire
860 4651 904 4700 sibi
916 4650 1059 4700 obsistentes
1071 4651 1168 4712 impune
1179 4649 1258 4698 liceat.
1293 4652 1330 4698 Tu
1343 4662 1401 4697 vero
1412 4651 1435 4697 et
1446 4647 1584 4708 peregrinus

112 4753 118 4764 ·
135 4728 167 4787 σδ
183 4729 210 4788 δέ
223 4730 268 4788 καὶ
284 4729 351 4797 ξένος
363 4731 408 4788 καί
424 4731 519 4812 ἔρημος
541 4729 612 4789 καὶὸ
632 4754 747 4811 προστη·
795 4745 820 4789 et
835 4740 942 4789 desertus
961 4743 984 4789 et
999 4740 1040 4802 qui
1055 4740 1098 4789 tibi
1114 4752 1184 4801 opem
1200 4740 1259 4787 terat
1274 4752 1346 4787 nemo
1363 4741 1408 4786 est.
1443 4740 1518 4786 Parce
1530 4750 1585 4799 par·

106 4817 180 4884 λδείς.
225 4820 323 4879 Φεῖσαι
340 4819 369 4876 τὸ
386 4821 461 4899 μέρος
477 4818 749 4901 καίσαυτοῦ,φεῖσαι
794 4829 838 4877 tim
851 4828 894 4877 tibi
907 4827 1066 4890 ipsi,partim
1080 4830 1104 4876 et
1117 4827 1160 4876 illi.
1197 4825 1585 4888 bignareroest,culatepar·

137 4905 207 4975 Ἀξία
230 4909 252 4965 δ’
278 4909 334 4966 ἐστί
357 4908 430 4986 παρδι
452 4915 497 4968 σοῦ
520 4911 633 4988 φειδοῦς,
659 4911 693 4975 είς
715 4911 748 4967 τδι
795 4919 873 4976 catur,
896 4929 952 4978 quac
972 4915 1091 4966 desiderio
1108 4915 1158 4973 tui,
1181 4928 1229 4976 quo
1249 4914 1313 4975 juste
1336 4912 1406 4974 potiri
1427 4912 1511 4975 debet,
1535 4916 1584 4962 tani

106 4998 183 5052 νοῶν
196 4995 282 5054 πόθων
303 4994 383 5062 οὕτως
402 4999 577 5072 ἐκμεμηνυῖα.
623 4996 748 5068 Εὗλαόνζ-
795 5006 882 5055 furiose
899 5006 930 5054 sit
944 5005 1100 5054 inllammats.
1133 5002 1245 5052 verearis
1254 5005 1278 5052 ct
1289 5003 1349 5051 iram
1365 5001 1507 5057 amieriam
1521 5016 1528 5050 z
1543 5014 1584 5051 ca-

106 5087 173 5154 ιῆνιν
191 5084 329 5164 ἐρωτικὴν,
346 5085 457 5165 φύλαξαι
470 5087 514 5143 καὶ
527 5086 556 5143 τὸ
578 5088 607 5143 ἐκ
621 5090 667 5156 τῆς
684 5090 747 5143 irre·
796 5097 851 5143 velo
862 5107 973 5156 quoque,
987 5107 1043 5155 qnae
1055 5094 1205 5142 contemtum
1218 5092 1335 5154 sequitur,
1345 5089 1485 5140 vindictam.
1497 5090 1593 5139 ltnltos·

106 5173 218 5244 ιεσητόν·
232 5172 343 5239 πολλοὺς
358 5165 415 5231 οἶδα
429 5174 667 5251 μεταμεληθέντας.
688 5174 750 5234 Πεῖ-
796 5184 851 5232 novi
892 5196 952 5245 quos
973 5185 1055 5245 postea
1077 5181 1196 5246 ejusmodi
1216 5181 1291 5231 animi
1314 5179 1433 5243 penituit.
1469 5179 1584 5242 ltajorcrn
