3726 5692
15 1246 18 1255 Ι
113 1186 116 1191 '
187 1178 246 1246 τούς
259 1182 282 1237 τ’
297 1176 466 1256 ἐμπροσθίους
485 1174 567 1241 πόδας
583 1177 753 1256 έρηπλῶσθαι
767 1180 822 1241 ταῖς
836 1175 913 1254 χερσί
928 1175 972 1233 καί

192 358 248 409 138
790 338 909 397 LONGI
933 340 1205 400 PAS'l‘ORllLlUM

230 476 272 536 δί’.
293 474 421 552 Δευτέρας
437 472 468 541 δὴ
487 469 637 549 διαμαρτὼν
654 473 666 526 θ
681 468 788 548 Δόρκων
806 470 909 536 ἐλπίδος
926 472 971 529 καί
1046 484 1097 530 lili.
1117 483 1168 529 linc
1184 480 1259 528 altera
1270 493 1313 541 spe
1329 479 1440 529 decidens
1452 483 1545 541 Dorco,
1563 483 1588 529 et
1602 482 1722 531 incussum
1735 480 1809 534 benis

187 565 274 642 μάτην
298 560 388 642 τυρσθς
411 558 520 637 ἀγαθοὺς
543 556 693 627 ἀπολέσας,
721 558 786 633 έγνω
811 557 853 614 διὰ
874 563 969 637 χειρῶν
1015 565 1062 614 iliis
1076 564 1150 612 caseis
1159 562 1364 625 perditis,staiuit
1374 562 1397 611 ri
1410 562 1497 611 adoriri
1507 563 1807 628 clunen‚qmmpriuuni

187 652 320 712 ἐπιθέσθαι
335 654 366 728 τῇ
383 648 455 725 Χλόη
472 648 539 725 μόνη
559 645 700 722 γενομένη·
720 642 765 703 καί
780 646 971 726 παραφυλάξας
1015 650 1067 700 sola
1087 651 1159 698 esset.
1192 651 1280 710 itaque
1297 660 1355 697 cum
1376 647 1525 696 observasset
1546 648 1575 696 ad
1595 662 1670 710 sqrras
1688 653 1810 714 appellere

187 742 226 799 ὅτι
239 739 300 818 παρ’
313 738 415 815 ἡμέραν
428 734 471 792 ἐπὶ
481 733 560 791 ποτὸν
571 732 663 812 ἄγουσι
675 732 721 799 τὰς
731 733 835 811 ἀγέλας,
850 735 911 792 ποτὲ
923 739 970 810 μὲν
991 736 994 777 Ι
1016 747 1098 800 greges
1107 732 1207 783 alteruis
1219 732 1321 793 diebus,
1332 746 1397 781 nrrnc
1411 732 1508 793 quidem
1528 733 1660 795 Daphnim,
1675 749 1741 786 nuuc
1751 750 1810 787 sero

159 828 320 906 οδλάρνις,
336 820 553 892 rectilineae,
574 824 742 900 ἐπιτεχνᾶται
756 821 852 901 τέχνην
867 821 971 896 ποιμένι
1016 818 1120 880 puellm
1140 817 1232 879 limine
1249 819 1325 865 aliem
1344 815 1475 878 quamdam
1496 815 1601 865 b⁰b⁸¹¹⁰⁰
1621 820 1810 871 fflflvflsslffllem

186 915 348 996 πρέπουσαν.
391 912 479 971 Λύκου
495 909 610 986 μεγάλου
627 911 710 989 δέρμα
722 910 822 982 λαθὼν,
837 910 865 968 δν
878 912 972 988 ταῦρός
1016 901 1213 951 θθωῐθίῦίὸὒίῑυῐ·
1247 901 1308 995 Lupi
1321 901 1400 962 ⁰¹³8&
1416 900 1653 995 Ρθίίθθῐθθῐῡθῑθῐθι
1670 916 1744 966 (luem
1763 904 1811 953 ²¹5·

188 1028 252 1062 m
267 1002 332 1081 ὑπὲρ
347 1004 398 1058 τῶν
416 1002 484 1079 βας,
496 998 647 1078 mmm
661 1002 713 1065 ,ογ,
726 998 819 1078 ,εγω
834 1000 970 1079 ὅπηηῃιπ,
1016 985 1113 1047 quando
1130 999 1173 1048 pro
1184 989 1299 1034 armentis
1318 998 1426 1048 pugnans
1445 1000 1494 1035 suis
1508 989 1593 1035 uerus
1606 991 1742 1049 peremerat
1752 1002 1811 1038 cor·

992 1088 994 1095 ·
1016 1072 1099 1132 nibus,
1111 1074 1271 1133 circumponit
1282 1073 1374 1134 corpori
1387 1072 1411 1121 in
1427 1070 1526 1121 dorsum
1551 1073 1665 1133 rejectam
1678 1076 1704 1123 et
1716 1074 1747 1123 ab
1761 1075 1810 1124 iru-

1017 1160 1090 1208 men's
1101 1158 1216 1221 usquead
1227 1159 1289 1207 talos
1298 1158 1441 1217 demissam,
1450 1158 1485 1207 lle
1496 1165 1523 1206 ut
1532 1159 1665 1208 anteriores
1674 1159 1724 1222 lupi
1736 1161 1812 1223 pedes

148 1292 173 1329 re
188 1267 246 1335 τοὺς
260 1268 369 1325 κατόπιν
385 1273 437 1329 τοῖς
449 1261 567 1321 σκέλεσιν
582 1263 645 1341 ἄχρι
660 1264 779 1340 πτέρνης,
795 1265 840 1321 καί
855 1270 898 1321 τοῦ
915 1266 970 1322 στό·
992 1264 995 1269 ’
1017 1261 1089 1310 ‘⁰¹⁸⁰‘
1103 1260 1190 1296 mam
1201 1246 1274 1310 ipsum
1283 1259 1382 1309 ΨΜ
1391 1244 1587 1343 ⁰b¹⁰¹¹d⁶¹⁰¹¹¹¹¹f'
1596 1248 1740 1308 mmm
1751 1262 1812 1297 Μ

613 1331 619 1341 “
1017 1345 1089 1392 ευριπ
1099 1347 1179 1395 crura,
1191 1334 1220 1383 ad
1231 1336 1308 1384 mices
1321 1347 1406 1395 usque,
1416 1332 1465 1381 oris
1477 1345 1535 1382 vero
1545 1334 1640 1393 huius,
1652 1335 1754 1395 perinde
1770 1341 1808 1386 al·

188 1445 295 1503 mim
309 1444 417 1523 κράνος,
438 1438 601 1519 mmm<
615 1438 636 1497 δι
651 1440 728 1497 αὑτὸν
742 1442 778 1505 ὡς
797 1439 834 1497 ἔν,
847 1440 973 1516 μάλιστα,
1018 1428 1066 1476 que
1079 1417 1166 1464 armati
1188 1416 1234 1465 riri
1252 1417 1336 1478 galea,
1357 1420 1430 1477 capul
1450 1417 1549 1465 velaret.
1583 1418 1647 1464 cum
1666 1428 1693 1466 se
1709 1423 1811 1479 sertem,

187 1532 361 1612 mmmm
375 1528 439 1608 πργς
450 1527 497 1600 τὴν
508 1525 605 1605 πηγὴν,
619 1519 649 1598 ἧς
660 1526 748 1585 ἔπινον
761 1530 787 1585 α,
801 1519 871 1605 ,γγες
882 1527 927 1584 κα,
939 1527 972 1584 τὰ
1018 1515 1091 1564 quam
1104 1502 1153 1596 lieri
1165 1500 1384 1564 poteratmaxime,
1400 1502 1532 1563 efferasset,
1548 1502 1578 1551 nd
1598 1504 1694 1554 iontem
1707 1506 1812 1564 accedit,

911 1620 928 1633 .
1018 1597 1108 1646 exque
1121 1585 1201 1634 hibere
1214 1586 1312 1647 capelim
1325 1587 1350 1634 et
1366 1597 1423 1634 ores
1434 1590 1488 1648 pest
1503 1588 1598 1647 pastum
1622 1588 1745 1639 solebant.
1779 1592 1810 1639 ln

188 1620 310 1699 πρόςατα
329 1616 396 1694 μετὰ
410 1616 458 1687 τίν
473 1616 567 1686 νομήν’
611 1615 658 1674 Ἑν
676 1617 752 1696 κοίλῃ
768 1615 795 1673 δὲ
813 1616 880 1673 πάνυ
894 1639 928 1693 m
941 1607 972 1686 ἦν
1019 1678 1079 1715 caro
1091 1670 1172 1715 aulem
1194 1680 1292 1728 prorsus
1304 1671 1374 1716 terrm
1391 1667 1444 1716 loco
1460 1670 1520 1717 silus
1536 1670 1589 1719 eret
1607 1669 1660 1721 lons
1693 1672 1813 1734 iocurque

146 1728 173 1767 io
188 1711 205 1778 ἡ
217 1706 290 1784 πηγί,
302 1706 416 1784 καὶπερὶ
430 1703 511 1774 αὐτὴν
522 1713 573 1770 πᾶς
584 1708 597 1762 ὁ
608 1704 684 1770 τόπος
694 1706 817 1769 ἀκάνθαις
829 1703 874 1762 καί
886 1708 974 1781 βάτοις
1667 1706 1676 1731 ’

186 1091 326 1170 περιέτεινε
343 1093 380 1169 τῶ
395 1092 519 1165 σώματι,
534 1090 646 1165 ποδῆρες
663 1087 922 1164 κατανωτισάμενος·
938 1091 972 1154 ὡς

188 1380 269 1434 ματος
288 1356 316 1412 τὸ
332 1354 426 1433 χάσμα
439 1352 544 1410 σκέπειν
558 1351 605 1422 τλν
620 1350 753 1427 κεφαλὴν,
774 1354 863 1430 ῶσπερ
878 1353 969 1430 ἀνδρὸς

944 1791 956 1809 ,
1019 1751 1081 1799 einen
1094 1750 1158 1799 lione
1169 1753 1237 1799 totus
1248 1751 1336 1813 spinis,
1348 1751 1423 1809 ruhis,
1435 1752 1545 1813 junipero
1561 1752 1648 1802 humili
1663 1754 1811 1816 carduhqne

843 1881 873 1901 μ
923 1886 937 1898 ἡ
1254 1835 1293 1883 rel
1311 1847 1383 1884 verus
1400 1836 1473 1896 iupus
1487 1834 1556 1884 iacile
1571 1835 1659 1885 ibidem
1673 1837 1700 1886 in
1719 1837 1813 1887 insidiis

655 1885 787 1960 Ελοόῶν·
851 1885 974 1941 Ενῐαυθα
1019 1920 1159 1969 delituisset.
1192 1919 1469 1980 illesesealrscondens,
1482 1925 1647 1983 tempusque
1659 1922 1746 1983 potum
1758 1933 1812 1983 age·

188 1796 234 1855 καί
247 1796 364 1875 ἀρκεύθῳ
375 1797 486 1873 ταπεινῇ
496 1792 541 1851 καὶ
549 1792 688 1868 σκολύμοις
701 1792 826 1871 ἠγρίωτο·
838 1793 931 1871 ῥηιδίως
943 1816 973 1848 αν
1019 1836 1053 1884 ila
1069 1834 1183 1883 horrebat
1206 1837 1235 1884 υ,

190 1888 243 1943 ἐκεῖ
269 1885 314 1942 καὶ
340 1883 417 1948 λύκος
444 1882 564 1954 ἀληθινὸς
590 1881 652 1939 έλαθ
1185 1873 1192 1895 '

189 1971 289 2054 κρύψας
302 1971 402 2063 mlh
415 1971 537 2049 ἐπετήρει
547 1975 591 2026 τοῦ
604 1975 683 2026 ποτοῦ
695 1970 740 2039 τὴν
752 1969 823 2049 ὥραν
833 1973 847 2027 ὁ
857 1971 973 2048 Adime
1021 2005 1104 2049 rentur
1115 2013 1210 2062 greges,
1229 1999 1389 2059 observabat,
1402 2013 1446 2048 nee
1465 2000 1543 2048 ierem
1560 2000 1712 2063 concipiebat
1729 2013 1812 2063 spem,

109 2125 112 2131 .
189 2062 234 2119 καὶ
246 2062 346 2132 πολλὴν
359 2065 428 2138 ‘ilfi
439 2059 543 2129 ἐλπίδα,
557 2062 594 2136 τῷ
607 2058 728 2136 &illem
742 2058 867 2138 φθίσας,
882 2058 973 2116 δαὸῑῖν
1021 2082 1071 2128 lore
1087 2083 1115 2127 ut
1133 2078 1214 2127 habitu
1228 2077 1269 2126 illo
1283 2079 1477 2140 perterrelactem
1489 2078 1582 2128 Chloen
1592 2079 1642 2128 suis
1653 2078 1812 2141 eomprehen-

149 2173 175 2210 ου
189 2154 245 2211 ταῖς
262 2148 337 2225 χερσί
350 2146 397 2215 την
415 2145 514 2216 Χλόην.
1020 2162 1088 2210 deret
1103 2161 1221 2211 manibhs.

232 2234 301 2293 lih‘.
316 2234 415 2312 λ’ρόνος
427 2234 513 2311 ὀλίγος
527 2234 670 2310 διαγίνεται
680 2233 725 2292 καί
737 2234 811 2307 Χλόη
825 2235 974 2305 κατήλαυνε
1051 2243 1115 2289 xlii.
1134 2239 1274 2288 Peuxiilum
1289 2237 1440 2288 interlabitur
1451 2237 1582 2300 temporis,
1597 2241 1622 2288 el
1633 2239 1711 2289 chloe
1723 2252 1812 2303 pecora

189 2319 236 2386 τὰς
256 2319 351 2398 ἀγέλας
369 2323 405 2386 είς
419 2320 467 2392 τὴν
482 2320 589 2399 πηγὴν,
610 2324 792 2381 καταλιποῦσα
811 2322 854 2379 τὸν
875 2326 974 2403 Δάρνιν
1020 2328 1155 2377 odientem
1171 2328 1342 2390 compellebar,
1355 2327 1439 2377 relicto
1456 2327 1597 2389 Daphnide,
1607 2328 1649 2390 qui
1660 2328 1760 2379 frondes
1774 2329 1812 2377 ri·

191 2410 310 2488 φυλλάδα
329 2406 435 2487 χλωρδιν
453 2410 599 2486 κόπτοντα,
619 2412 672 2476 τοῖς
688 2412 782 2492 έρίροις
795 2410 891 2490 speeie
908 2410 975 2486 μετδι
1022 2415 1084 2465 rides
1093 2415 1241 2478 decutiebat,
1252 2415 1341 2478 quibus
1355 2418 1408 2477 posl
1419 2422 1514 2478 pastum
1525 2416 1646 2465 alerentur
1658 2415 1731 2468 haedl.
1766 2420 1809 2468 Al·

189 2496 236 2567 τὴν
252 2496 345 2573 νομήν.
391 2496 444 2555 Καὶ
459 2499 483 2555 οἱ
497 2498 589 2574 κύνες,
610 2501 634 2555 ol
653 2501 705 2556 τῶν
723 2497 863 2577 προόάτων
879 2500 975 2576 ἐπιρύ-
1021 2518 1069 2568 que
1080 2517 1159 2567 ωοεε,
1169 2506 1287 2554 oriumet
1298 2517 1424 2566 caprarum
1434 2505 1553 2566 custodes,
1570 2504 1665 2555 Chloen
1672 2504 1761 2568 secuti,
1775 2508 1810 2557 rt·

149 2606 175 2644 ee
190 2585 268 2650 λοικες
281 2585 327 2642 καί
341 2588 392 2642 τῶν
408 2589 498 2664 αἰγῶν,
515 2585 647 2663 ἑπόμενοι,
662 2576 704 2644 οἷοι
719 2587 847 2658 δηναιῶν
862 2590 888 2645 ἐν
904 2591 973 2667 ρινη-
1021 2606 1078 2655 quc,
1095 2605 1194 2654 prosus
1208 2593 1232 2641 in
1250 2592 1374 2642 odorando
1393 2594 1533 2656 sagacilate,
1553 2597 1700 2653 Dorconem‚
1721 2594 1765 2659 qui
1778 2594 1810 2645 nd

188 2674 294 2752 λασίαις
314 2675 465 2753 περιεργία,
484 2676 635 2752 κινούμενον
653 2675 697 2732 τὸν
709 2675 836 2755 Δόρκωνα
851 2677 914 2754 πρὸς
928 2678 974 2744 τὴν
1022 2696 1108 2731 manus
1127 2682 1215 2744 puelloe
1232 2682 1371 2744 injiciendus
1382 2696 1434 2731 sese
1445 2684 1569 2743 merebat,
1589 2683 1808 2746 deprehendentes,

190 2761 304 2818 ἐπίθεσιν
319 2765 365 2832 τῆς
380 2763 457 2840 κόρης
471 2761 647 2842 φωράσαντες,
662 2764 755 2844 πικρὸν
771 2766 844 2840 μάλα
859 2765 973 2836 ὑλακτη·
1021 2770 1090 2819 uelde
1103 2773 1175 2819 seule
1186 2770 1335 2832 ellnirantes,
1344 2772 1372 2819 ul
1385 2770 1409 2819 lu
1421 2771 1505 2833 lupum
1519 2772 1618 2833 irruere,
1629 2773 1655 2821 ei
1667 2771 1808 2822 circumfusi

190 2872 292 2926 σαντες,
305 2848 433 2929 ὥρμησαν
443 2853 479 2917 ὡς
492 2852 536 2909 ἐπὶ
547 2850 642 2909 λύκον·
657 2853 702 2909 καί
716 2855 896 2932 περισχόντες,
913 2854 974 2932 πρὶν
1021 2859 1053 2919 ei,
1068 2859 1208 2921 priusquam
1226 2859 1258 2909 ob
1280 2861 1403 2923 stuporem
1421 2864 1563 2921 assurgeret,
1583 2873 1650 2910 acras
1668 2874 1766 2911 mersus
1783 2862 1809 2910 in

189 2936 255 3004 όλως
274 2940 419 3008 ἀναστῆναι
439 2940 472 2996 δι’
492 2938 631 3017 ἔκπληξιν,
651 2940 758 2999 ἔδακνεν
774 2942 842 2999 κατὰ
857 2947 901 3000 τοῦ
917 2941 975 3021 δέρ-
1022 2948 1083 3010 pelle
1094 2948 1235 2999 intulerunt.
1269 2955 1304 2998 Ae
1313 2949 1417 3012 primurn
1430 2950 1576 3011 quidem,ne
1587 2948 1809 3012 maniiesleprode·

149 3052 176 3093 ep
191 3048 280 3102 ματος.
323 3026 395 3092 Τέως
417 3026 463 3103 μὲν
484 3018 528 3085 σύν
547 3029 591 3086 τδν
612 3030 718 3108 ἔλεγγσν
740 3030 907 3108 αἰδούμενος,
930 3032 975 3089 καί
1023 3040 1098 3099 retur,
1114 3041 1236 3097 metuens,
1250 3040 1276 3087 et
1292 3038 1364 3101 pelle,
1380 3050 1428 3101 qrra
1439 3038 1572 3100 tegebatur,
1591 3040 1709 3098 munitus,
1719 3041 1810 3089 tacitns

190 3115 241 3173 ὑπὸ
260 3120 305 3174 τοῦ
323 3115 449 3194 δέρματος
465 3116 649 3182 ἐπισκίποντος
664 3119 872 3199 φρουρούμενος,
892 3118 975 3178 ἔκειτο
1024 3126 1086 3175 inter
1099 3127 1198 3175 trutines
1205 3126 1301 3187 jacebat
1314 3145 1320 3175 ι
1334 3126 1376 3174 ubi
1393 3140 1450 3176 vero
1463 3128 1548 3187 chloe,
1565 3126 1595 3176 ad
1611 3128 1716 3190 primum
1733 3129 1808 3178 intui·

191 3207 297 3262 σιωπῶν
319 3207 345 3262 ἐν
366 3210 398 3284 τῇ
420 3206 521 3285 λόχμῃ·
547 3206 604 3265 ἐπεί
627 3207 649 3264 δ’
669 3206 686 3278 ἥ
703 3232 731 3266 τε
749 3210 822 3280 Χλόη
840 3208 904 3288 πρὸς
926 3210 973 3280 τὴν
1021 3218 1073 3262 tum
1084 3216 1219 3275 perterrita,
1232 3214 1352 3275 Daphnim
1361 3214 1724 3277 inclamaritausiiiatorem,et
1738 3230 1811 3267 οειιεε

191 3292 295 3372 πρώτην
308 3293 369 3352 θέαν
380 3297 595 3373 διαταραχθεῖσα,
607 3296 650 3354 τὸν
660 3296 760 3376 Δάρνιν
772 3299 860 3355 ἐκάλει
872 3302 973 3375 βοηθὸν,
1021 3302 1100 3363 ipsum
1109 3315 1205 3364 corpus,
1216 3302 1348 3353 dilacerato
1356 3304 1405 3365 jam
1414 3306 1488 3365 eoric,
1500 3318 1581 3354 morsu
1589 3304 1809 3368 appreliendmuni,

190 3379 216 3438 οί
225 3405 253 3438 τε
263 3381 336 3447 κύνες
345 3388 523 3460 περισπῶντες
533 3384 562 3440 τὸ
571 3384 664 3463 δέρμα,
674 3391 718 3442 τοῦ
727 3388 850 3461 σώματος
861 3386 974 3456 ἥπτοντο
1022 3389 1054 3437 ibi
1068 3403 1155 3452 magno
1168 3404 1224 3438 cum
1236 3392 1327 3452 eiulatu
1339 3392 1477 3454 suppliciter
1493 3393 1632 3455 Daphnidis,
1644 3395 1687 3456 qui
1701 3393 1755 3455 jnm
1765 3393 1809 3444 ad·

149 3495 175 3534 e,
190 3470 286 3538 αὐτοῦ,
308 3472 376 3545 με’γα
391 3470 521 3546 οἰμώξας,
540 3473 639 3530 ἱκέτευε
655 3479 757 3550 βοηθεῖν
776 3474 824 3544 την
839 3476 917 3553 κόρην
929 3474 974 3529 καί
1021 3482 1129 3538 venerat,
1142 3481 1167 3527 et
1177 3479 1264 3541 puciioe
1280 3480 1398 3529 auxilium
1414 3482 1542 3542 implorare
1557 3483 1639 3543 cepit.
1674 3482 1711 3531 illi
1724 3484 1808 3531 autem

188 3557 232 3615 τὸν
252 3558 349 3636 Δάρνιν
368 3556 419 3628 ἤδη
436 3558 564 3636 παρόντα.
614 3560 682 3626 Τοὺς
698 3562 746 3635 μὲν
762 3560 793 3631 δὴ
813 3562 892 3626 κύνας
907 3563 973 3617 άνσι-
1020 3580 1078 3616 suos
1094 3580 1165 3616 canes
1181 3570 1295 3618 consueta
1309 3568 1479 3619 inclamatione
1500 3569 1608 3619 celeriter
1620 3569 1807 3633 mitigaremnt;

189 3644 281 3713 κλήσει
291 3645 668 3726 συνήθειταχέωςὴμέρωσαν,
678 3650 721 3705 τὸν
732 3648 759 3705 δὲ
768 3649 893 3728 Δόρκωνα
905 3650 973 3707 κατά
1021 3658 1156 3705 Dorecnem
1168 3668 1233 3716 sero,
1253 3657 1344 3706 femora
1361 3661 1386 3708 et
1405 3658 1645 3719 irunrercsiaeerum,
1666 3658 1807 3709 odientem

189 3755 217 3789 τε
238 3735 329 3812 μηρῶν
350 3734 395 3789 καὶ
413 3730 492 3809 ὤμων
515 3736 688 3812 δεδηγμένον,
711 3741 852 3813 ἀγαγόντες
870 3738 912 3795 ε’πί
927 3738 973 3808 την
1021 3744 1182 3804 deduxerunt,
1200 3748 1274 3806 atque
1286 3758 1379 3794 morsus
1395 3746 1469 3808 ipsius
1482 3746 1523 3794 ubi
1535 3747 1683 3809 apparebant
1695 3746 1805 3798 dentium

189 3821 286 3896 πηγὴν,
300 3820 427 3902 άπένιψαν
440 3822 473 3878 τδι
485 3822 620 3899 δήγματα,
634 3824 666 3880 ἵν’
678 3816 747 3895 ἦσαν
760 3829 812 3882 τῶν
824 3827 933 3884 ὀδόντων
946 3830 973 3884 ni
1020 3834 1196 3895 impressiones,
1204 3833 1340 3895 abluerunt,
1351 3837 1376 3884 ei
1382 3834 1481 3884 viridem
1492 3835 1551 3884 ulmi
1559 3837 1673 3887 cortlcem
1682 3848 1806 3887 commen

150 3934 176 3971 se
189 3909 311 3985 ἐμύολαί,
327 3910 373 3968 καί
387 3912 617 3986 διαμασησάμενοι
630 3915 716 3992 ρλοιδν
733 3914 835 3992 χλωρὸν
849 3915 971 3989 πτελέας,
1020 3922 1135 3969 ducatum
1147 3922 1393 3984 superimposuerunt.
1427 3924 1506 3980 Aluus
1515 3921 1546 3971 oi)
1559 3920 1704 3984 imperitiam
1712 3924 1807 3973 ematu-

189 3997 342 4055 ἐπέπασαν·
375 4000 425 4055 ὑπό
448 4002 472 4056 τ’
498 4002 616 4079 ἀπειρίας
641 4003 771 4080 ἐρωτικῶν
795 4005 971 4077 τολμημάτων
1021 4009 1111 4058 riorrrm
1123 4023 1246 4069 ausorum,
1257 4009 1337 4059 lusum
1350 4011 1492 4074 pastoralem
1507 4009 1659 4072 deputantes,
1671 4011 1740 4075 quod
1759 4012 1808 4075 prl-

189 4087 343 4160 ποιμενικὴν
359 4086 467 4143 παιδιὰν
482 4089 638 4163 νομίζοντες,
656 4090 704 4159 την
717 4090 843 4161 έπιόολὴν
856 4095 900 4147 τοῦ
915 4093 972 4169 δέρ-
1020 4098 1068 4147 iem
1079 4098 1195 4147 induisset
1207 4101 1294 4157 Dorm,
1312 4099 1427 4161 nulloque
1443 4100 1515 4148 niodo
1527 4100 1561 4148 iili
1575 4102 1757 4160 succensentes,
1766 4100 1808 4151 sed

189 4195 271 4250 ματος
293 4172 366 4231 οὐδέν
387 4176 546 4253 ὀργισθέντες
567 4178 636 4234 ἀλλὰ
654 4180 700 4236 καί
717 4180 973 4258 παραμυθησόμενοι
1018 4187 1377 4238 eliamrerbisieraredolorem
1388 4188 1724 4251 ipsiusconaii,aiiquntenus
1734 4202 1808 4240 manu

189 4261 233 4320 καί
251 4260 331 4340 μέχρι
342 4262 409 4329 τινὸς
423 4263 685 4342 χειραγωγήσαντες,
700 4268 872 4348 ἀπέπεμψαν.
1019 4276 1120 4323 (luctum
1129 4274 1279 4324 dimiserunt.

148 4374 175 4411 ae
232 4349 300 4411 liD'.
320 4352 401 4411 hele
421 4352 469 4430 μὲν
482 4350 599 4411 κινδύνου
610 4356 684 4434 παρὰ
699 4362 820 4414 τοσοῦτον
831 4358 911 4416 ἐλθὼν
926 4358 971 4417 καὶ
1049 4366 1126 4415 illill.
1144 4366 1178 4412 Eo
1195 4364 1340 4413 discriminis
1351 4364 1469 4414 adductus
1481 4365 1537 4427 iiie,
1552 4368 1584 4425 ei,
1599 4368 1627 4414 ui
1642 4367 1750 4425 aiuni,e
1767 4380 1808 4417 ea·

189 4442 279 4508 σωθεὶς
295 4443 324 4499 ἐκ
336 4440 424 4513 κυνδς,
441 4442 529 4521 φασίν,
543 4446 572 4501 οὐ
586 4443 666 4502 λύκου
681 4446 819 4517 στόματος,
835 4449 971 4526 ἐθεράπευε
1018 4455 1063 4513 uis,
1078 4466 1125 4502 uon
1140 4456 1222 4502 autem
1232 4454 1302 4515 clupi
1312 4467 1364 4514 ore,
1374 4458 1493 4513 servatus,
1503 4467 1575 4504 suum
1588 4454 1688 4503 curabat
1701 4467 1808 4518 oorprrs3

188 4528 217 4587 τδ
238 4534 330 4606 σῶμα·
352 4536 366 4588 θ
387 4530 414 4587 δὲ
435 4531 533 4610 Δάρνις
552 4532 598 4590 καὶ
619 4537 635 4602 ἡ
659 4534 735 4603 Χλόη
756 4534 871 4609 κάματον
891 4534 970 4591 πολύν
1016 4544 1042 4591 at
1056 4542 1163 4602 Daphnis
1178 4547 1202 4590 et
1219 4540 1295 4592 chios
1311 4541 1504 4603 defatigabamur
1520 4556 1598 4606 usque
1616 4543 1640 4591 in
1652 4546 1752 4593 noctem
1770 4556 1809 4593 σε·

189 4617 265 4696 ἔσχον
285 4620 364 4698 μέχρι
377 4619 466 4685 νυκτὸς
479 4619 525 4686 τίις
537 4611 612 4699 αἶγας
627 4622 671 4678 καί
684 4622 730 4687 τὰς
743 4612 779 4687 οίς
793 4620 970 4699 συλλέγοντες·
993 4658 995 4665 -
1017 4630 1364 4694 pris'orihusqueuoiiigendis.
1398 4632 1492 4694 Quippe
1508 4632 1555 4680 iline
1565 4631 1615 4693 lupi
1631 4631 1694 4693 pelle
1710 4636 1810 4683 oonia-

188 4706 239 4761 ύπδ
256 4705 306 4784 γὰρ
325 4714 369 4764 τοῦ
387 4708 514 4787 δέρματος
532 4714 686 4781 πτοηθεῐσαι
700 4710 745 4767 καὶ
761 4709 811 4767 ὑπὸ
823 4712 875 4765 τῶν
889 4713 971 4765 κυνῶν
993 4676 996 4789 Ι
1018 4722 1079 4781 rite,
1094 4724 1119 4769 el
1129 4732 1218 4768 sunum
1230 4720 1320 4769 latratu
1333 4720 1493 4781 conturbatio,
1511 4721 1563 4769 alite
1582 4720 1608 4769 in
1626 4722 1706 4782 petras
1721 4732 1810 4771 στενα-

149 4813 176 4851 ου
188 4795 393 4861 dioecesenses
412 4802 607 4877 ταραχθεῖσαι,
630 4802 656 4855 αἱ
677 4798 725 4874 μὲν
744 4799 779 4862 εἰς
797 4796 893 4876 πέτρας
912 4797 971 4855 άνέ-
994 4798 996 4807 ’
1018 4814 1080 4868 rant,
1097 4809 1151 4859 alim
1172 4808 1203 4857 ad
1222 4821 1289 4856 marc
1304 4822 1380 4871 usque
1398 4822 1470 4858 cursu
1487 4809 1667 4858 contenderant
1699 4810 1811 4861 Tameul

189 4883 301 4960 δραμον,
323 4887 349 4940 αἱ
364 4883 390 4941 δὲ
405 4885 484 4965 μέχρι
498 4890 544 4958 τῆς
559 4886 687 4959 θαλάττης
702 4889 782 4956 αὐτῆς
797 4887 971 4965 κατέδραμον.
1017 4896 1109 4947 ederim
1122 4902 1201 4948 essent
1219 4900 1244 4947 el
1261 4897 1314 4947 roei
1327 4898 1493 4960 obtemperare
1503 4901 1527 4947 et
1539 4898 1619 4947 iistuia
1632 4897 1771 4949 demulceri
1785 4904 1812 4951 et

191 4971 245 5029 Καί
258 4970 298 5026 τοί
315 4974 340 5046 γ’
360 4973 545 5033 ἐπεπαίδευντο
559 4977 604 5032 καί
618 4981 691 5057 ιρωνῇ
707 4977 841 5033 πείθεσθαι
858 4975 904 5032 καὶ
920 4975 972 5031 σύ-
1018 4984 1056 5034 rel
1066 4988 1292 5050 manuumstrepltu
1308 4987 1374 5049 cogi,
1389 4988 1447 5035 tunc
1460 4999 1517 5035 vero
1532 4988 1607 5036 timor
1619 4988 1732 5037 omnium
1745 4988 1811 5039 obli-

191 5082 259 5138 ριγγι
272 5058 406 5136 θέλγεοθαι
418 5063 462 5118 καί
474 5064 561 5142 χειρὸς
570 5069 693 5143 πλαταγῇ
706 5063 892 5142 συλλέγεσθαι·
904 5063 973 5121 άλλίι
993 5086 997 5153 γ
1019 5073 1113 5122 sionem
1127 5074 1183 5135 ipsis
1194 5075 1307 5135 injecerat
1319 5096 1325 5126 ι
1338 5088 1451 5138 aegreque
1461 5076 1558 5127 laudem
1571 5089 1612 5126 eas
1624 5077 1699 5127 veluti
1710 5076 1813 5141 lepores

189 5148 247 5206 τότε
272 5147 377 5204 πάντων
400 5151 490 5216 αὐταῖς
513 5155 526 5208 ό
546 5153 624 5232 ρόόος
645 5154 726 5223 λήθην
748 5151 865 5209 ἐνέίίαλε,
917 5152 972 5212 Ιίαί
994 5166 996 5189 ²
1017 5177 1046 5212 ex
1066 5163 1170 5225 uestigiis
1183 5162 1330 5234 indagantes,
1346 5165 1376 5213 ud
1395 5178 1461 5214 casas
1474 5164 1632 5216 reduxeruut.
1666 5165 1710 5215 illa
1733 5170 1812 5219 neers
