3726 5692
840 359 954 419 LIBER
975 362 1000 418 Ι.

108 488 214 567 μακρθν
239 493 287 559 τῆς
304 493 350 546 τοῦ
370 493 429 545 θεοῦ
452 491 567 556 τελετῆς.
611 491 716 564 Σμῆνος
743 490 895 570 ἀνεγείρεις,

108 568 164 635 εἷπε
174 621 182 648 ,
193 578 294 653 λόγων·
306 574 340 633 τὰ
353 574 405 655 γὰρ
418 576 470 650 ἐμθι
483 577 572 647 μύθοις
586 576 663 635 ἔοικε.
705 577 754 648 Μὴ
769 580 897 648 κατοκνη·

109 688 177 743 σης,
192 654 214 723 ὦ
230 663 366 743 βέλτιστε,
386 664 465 741 ἔρην,
479 664 543 740 πρὸς
557 670 602 723 τοῦ
617 664 677 730 Διὸς
691 665 735 722 καὶ
751 672 795 724 τοῦ
808 662 897 745 Ἔριν·

107 775 153 817 τος
167 754 265 822 αὐτοῦ,
285 750 369 827 ταύτῃ
390 752 490 823 μᾶλλον
505 750 594 821 ἥσειν,
611 750 693 810 εἶκαὶ
711 752 799 827 μύθοις
815 753 895 814 ἔοικε.

80 854 94 890 ⁶
110 840 169 901 Καὶ
180 840 254 898 ταυτὶ
268 838 296 896 δὲ
310 838 409 915 λέγων,
426 837 560 913 δεξιοῦμαί
571 838 594 895 τ’
615 839 692 896 αὐτὸν
712 838 757 896 καὶ
773 839 817 897 ε’πί
830 863 897 906 τινος

109 930 206 995 άλσους
218 928 277 1005 άγοι
292 927 425 1003 γείτονος,
443 926 504 984 ἔνθα
521 925 649 985 πλάτανοι
665 926 712 1002 μὲν
734 926 896 1008 ε’περύκεοαν

107 1017 207 1075 πολλαὶ
229 1016 276 1073 καὶ
289 1014 403 1084 πυκναὶ,
417 1013 544 1094 παρέρρει
559 1013 581 1071 δ’
601 1013 669 1091 ὕδωρ
692 1017 792 1094 ψυχρόν
807 1039 835 1073 τε
850 1016 895 1073 καὶ

107 1106 212 1181 διαυγὲς
223 1150 233 1177 ,
246 1095 300 1162 οἶον
314 1102 367 1161 ἀπὸ
377 1103 463 1181 χιόνος
477 1104 537 1179 άρτι
545 1102 664 1173 λυθείσης
679 1104 795 1183 ἔρχεται.
838 1108 895 1164 Ka·

105 1194 183 1259 θίσας
213 1184 259 1251 οὖν
285 1192 364 1250 αὐτὸν
392 1190 435 1247 tat
461 1212 530 1256 τινος
555 1189 638 1249 θώκου
662 1193 829 1269 χαμαιζήλου
850 1192 895 1251 καὶ

64 1292 90 1333 ¹⁰
104 1280 184 1347 αὖτὀς
200 1278 466 1359 παρακαθισάμενος,
478 1276 552 1356 Ὦρα
570 1278 672 1348 τοίνυν,
689 1278 768 1356 έρην,
783 1284 829 1350 τῆς
844 1284 894 1337 τῶν

101 1370 190 1446 λόγοιν
206 1368 375 1449 ἀκροάσεως·
387 1368 493 1433 πάντως
510 1367 532 1424 δ’
549 1370 562 1425 ὁ
578 1369 723 1445 [τοιοῦτος]
735 1368 813 1434 τόπος
832 1371 895 1439 ἡδὺς

101 1458 150 1515 καὶ
164 1458 256 1535 μύθων
272 1456 340 1525 ἄξιος
353 1456 508 1534 [ὑπάρχει]
524 1456 663 1535 ἐρωτικῶν.

147 1546 186 1608 Γ.
205 1546 241 1606 ‘0
263 1548 286 1604 δ’
302 1546 412 1626 ἄρχεται
434 1550 479 1603 τοῦ
497 1543 583 1622 λέγειν
600 1536 669 1603 ὧδει
685 1545 763 1621 Ἐμοί
781 1546 893 1618 Φοινίκη

101 1634 193 1713 γένος,
215 1634 301 1715 Τύρος
327 1633 475 1711 ἡπατρὶς,
503 1632 587 1710 ὄνομα
615 1635 784 1713 Κλειτορῶν,
805 1635 894 1713 πατὴρ

61 1736 87 1777 15
100 1722 223 1795 Ἱππίας,
236 1722 346 1803 διδελρδς
357 1722 455 1799 πατρὸς
464 1721 666 1801 Σώστρατος,οὐ
679 1724 764 1781 πάντα
778 1725 800 1780 δ’
816 1725 894 1781 ἀδελ-

101 1812 166 1891 ρδς,
182 1812 242 1869 ἀλλ’
259 1810 318 1869 ὅσον
333 1814 429 1891 οἷμροῐν
445 1801 480 1875 εἷς
495 1809 595 1887 πατήρ·
611 1815 638 1868 αἱ
654 1809 704 1891 γδιρ
719 1810 843 1889 μητέρες,
856 1816 893 1891 τῷ

101 1900 154 1978 μέν
170 1890 204 1971 ἦν
220 1897 369 1969 Βυζαντία,
384 1899 459 1978 τῷδ’
474 1901 530 1978 ἐμῷ
548 1898 629 1976 πατρὶ
650 1898 747 1974 Τυρία.
792 1897 826 1957 ‘d
846 1898 892 1974 μὲν

100 1978 149 2047 σύν
165 1987 211 2047 τόν
225 1987 313 2045 πάντα
327 1986 422 2065 χρόνον
447 1976 516 2065 εἶχεν
536 1989 562 2045 έν
583 1986 732 2063 Βυζαντίῳ·
747 1985 827 2052 πολὺς
842 1986 892 2065 γὰρ

99 2080 115 2134 ό
136 2081 184 2147 τῆς
205 2075 304 2155 μητρός
325 2077 420 2152 κλῆρος
442 2066 475 2143 ἦν
495 2076 580 2155 αὐτῷ·
600 2075 650 2133 ὁδ’
671 2075 733 2146 ε’μὸς
756 2074 845 2155 πατὴρ
867 2080 892 2134 ἐν

59 2176 87 2215 ²)
97 2163 187 2244 Τύρῳ
200 2164 328 2243 κατῴκει.
371 2164 428 2233 Τὴν
443 2161 470 2221 δέ
487 2163 590 2241 μητέρα
604 2165 650 2220 οὗκ
665 2154 722 2220 οἶδα
744 2163 791 2233 τὴν
809 2163 891 2239 ἐμήν·

99 2254 147 2311 ἐπὶ
159 2254 248 2333 νηπίῳ
262 2253 313 2331 γάρ
328 2274 372 2328 μοι
387 2250 519 2321 τέθνηκεν.
562 2249 689 2321 Ἐδέησεν
705 2241 748 2309 ούν
760 2254 799 2330 τῷ
811 2252 892 2330 πατρὶ

98 2342 227 2419 γυναικὸς
240 2341 348 2418 ἑτέρας,
362 2339 388 2408 ἐξ
400 2331 431 2411 ἧς
443 2339 542 2419 άδελρή
556 2362 602 2415 μοι
617 2340 767 2417 Καλλιγόντ,
780 2340 889 2417 γίνεται.

99 2432 161 2491 Καὶ
174 2430 258 2489 ἐδόκει
272 2427 319 2505 μὲν
333 2432 370 2506 τῷ
384 2428 466 2506 πατρὶ
476 2428 592 2508 συνάψαι
604 2429 704 2503 μᾶλλον
717 2432 787 2504 ἡμᾶς
797 2429 892 2508 γάμῳ·

101 2522 133 2577 αἱ
151 2518 180 2577 δέ
196 2521 297 2597 Μοῖραι
311 2519 362 2574 τῶν
372 2516 516 2592 ἀνθρώπων
528 2515 671 2595 κρείττονες
689 2515 772 2587 ἄλλην
785 2517 891 2595 ἐτήρουν

56 2622 84 2661 τε
99 2629 149 2683 μοι
168 2610 294 2685 γυναῖκα.
338 2606 421 2664 Φιλεῖ
439 2604 467 2662 δὲ
483 2603 513 2662 τὸ
528 2604 661 2680 δαιμόνιον
684 2604 714 2661 τὸ
734 2605 830 2680 μέλλον
846 2608 890 2663 ἀν·

98 2696 219 2777 θρώποις
229 2695 332 2770 νύκτωρ
345 2693 472 2758 πολλάκις
488 2693 594 2750 λαλεῖν·
607 2695 656 2772 ούχ
669 2690 712 2750 ἵνα
727 2692 891 2773 φυλάξωνται

99 2784 141 2861 μὴ
157 2786 270 2841 παθεῖν·
286 2782 376 2860 οὐγὰρ
391 2778 551 2860 εἱμαρμένης
563 2779 686 2838 δύνανται
698 2791 818 2859 κρατεῖν·
833 2784 891 2840 ἀλλ’

97 2874 146 2931 ἵνα
158 2871 317 2951 κουρότερον
329 2870 474 2949 πάσχοντες
486 2868 596 2949 ρέρωσι.
638 2868 679 2928 Τὸ
696 2869 743 2943 μὲν
758 2869 809 2949 γὰρ
822 2870 890 2939 ἐξαί-

99 2984 171 3043 ρνης
186 2958 280 3037 ἁθρόον
295 2958 341 3016 καὶ
356 2957 553 3037 ἀπροσδόκητον
568 2956 712 3026 ἐκπλήσσει
725 2956 771 3027 τὴν
786 2959 889 3036 ψυχὴν,

58 3064 86 3103 ao
100 3050 180 3127 ἅρνω
193 3044 341 3127 προσπεσὸν
359 3045 405 3103 καὶ
424 3042 618 3103 κατεύάπτισε·
629 3044 660 3102 τὸ
671 3045 699 3102 δὲ
710 3045 762 3122 πρὸ
776 3051 821 3103 τοῦ
837 3071 892 3105 πα-

99 3142 157 3197 θεῖν
192 3133 411 3215 προσδοκώμενον
441 3134 665 3212 προκατηνάλιεσε
694 3133 763 3191 κατὰ
799 3136 891 3215 μικρὸν

99 3224 287 3305 μελετώμενον
301 3226 347 3279 τοῦ
357 3220 454 3285 πάθους
464 3218 513 3290 τὴν
526 3219 625 3296 ἀκμήν.
669 3218 747 3280 Ἐπεὶ
759 3220 810 3301 γέιρ
822 3213 892 3302 εἶχον

99 3314 212 3373 ἔννατον
225 3312 280 3377 ἔτος
292 3309 336 3369 ἐπὶ
348 3312 402 3375 τοῖς
414 3308 489 3380 δέκα,
504 3309 550 3367 καί
563 3309 757 3386 παρεσκεύαζεν
773 3314 786 3367 ὁ
803 3312 891 3391 πατὴρ

99 3406 140 3470 εἷς
151 3402 237 3460 νέωτα
251 3403 364 3471 ποιῆσαι
378 3396 436 3464 τοὺς
449 3397 567 3475 γάμους,
580 3398 678 3476 ἤρχετο
692 3403 738 3456 τοῦ
759 3398 891 3476 δράματος

58 3496 118 3563 δή
144 3490 228 3570 τύχη.
270 3484 356 3565 Ὅναρ
379 3486 483 3545 έδόκουν
507 3490 640 3565 συμρῦναι
663 3490 696 3565 τῇ
719 3487 840 3566 παρθένῳ
858 3488 891 3544 τδι

100 3578 180 3639 κάτω
194 3574 264 3656 με’ρη
283 3574 376 3654 μέχρις
389 3576 525 3654 ὀμραλοῦ,
542 3574 588 3631 δύο
608 3574 632 3630 δ’
655 3575 770 3631 ἐντεῦθεν
785 3574 817 3631 τὰ
838 3574 892 3633 οἷνω

100 3666 230 3741 σώματα.
270 3664 430 3742 'Epictetus
440 3662 470 3719 δέ
478 3684 523 3738 μοι
531 3661 597 3737 γυνὴ
608 3660 707 3741 ροόερδι
717 3661 763 3719 καὶ
776 3684 890 3738 μεγακη,

99 3756 133 3815 το
156 3754 299 3833 πρόσωπον
326 3752 417 3829 ἀγρία,
437 3751 569 3831 ὀρθαλμδς
590 3753 615 3808 ἐν
636 3748 745 3825 αἵματι,
766 3752 891 3831 βλοσυραί

99 3842 231 3921 παρειαί,
257 3842 328 3920 ὄρνις
353 3842 380 3897 οἱ
399 3839 497 3914 κόμαι·
521 3836 608 3917 ι’ίρπην
624 3837 726 3917 ἐκράτει
749 3842 781 3910 τῇ
806 3838 891 3916 δεξιᾷ,

57 3944 86 3983 to
99 3934 173 4011 δᾷδα
186 3933 221 4007 τῇ
234 3930 310 4006 λαιᾷ.
354 3929 537 3988 Ἐπιπεσοῦοα
552 3916 595 3983 ούν
609 3949 652 4001 μοι
670 3927 745 4005 θυμῷ
766 3926 811 3983 καὶ
828 3928 890 3982 οἰνα-

99 4020 214 4080 τείνασα
226 4017 273 4087 τὴν
289 4016 392 4096 ἅρπην,
404 4014 547 4096 καταρίρει
560 4018 606 4085 τῆς
618 4014 700 4084 ίξύος,
711 4012 771 4072 ἔνθα
783 4017 835 4071 τῶν
846 4016 891 4073 δύο

99 4107 238 4183 σωμάτων
252 4096 320 4176 ἦσαν
340 4106 367 4161 αἱ
386 4101 538 4180 συμύολαὶ,
552 4103 598 4160 καὶ
612 4102 757 4161 ἀποκόπτει
780 4124 830 4177 μου
844 4101 891 4173 την

99 4194 244 4273 παρθένον.
288 4190 418 4274 ΙΙεριδεὴς
434 4181 478 4250 ούν
499 4188 632 4269 ἀναθορὼν
647 4192 677 4248 ἐκ
691 4195 736 4248 τοῦ
752 4190 891 4266 δείματος,

99 4284 197 4365 ρράζω
211 4282 259 4358 μὲν
271 4281 335 4361 πρὸς
347 4280 456 4349 οὐδένα,
468 4279 527 4338 κατ’
536 4277 649 4353 ἐμαυτὸν
662 4277 689 4335 δὲ
699 4278 802 4357 πονηρὰ
817 4281 891 4336 ε’σκε-

58 4383 86 4422 ⁴⁵
99 4372 221 4445 πτόμην.
263 4370 310 4429 Ἐν
323 4368 350 4427 δέ
360 4368 444 4448 τούτῳ
457 4365 596 4444 συμύαίνει
607 4366 703 4424 τοιάδε.
745 4357 800 4425 Ἦν
815 4367 891 4423 ἀδελ·

101 4462 169 4541 ρδς,
187 4462 224 4524 ώς
241 4458 322 4539 ἔρην,
337 4463 383 4516 τοῦ
403 4456 501 4537 πατρὸς
524 4454 696 4533 Σώστρατος·
711 4453 785 4534 παρὰ
799 4454 891 4513 τούτου

100 4573 143 4615 τις
154 4548 262 4628 ἔρχεται
277 4546 391 4623 κομίζων
406 4543 545 4610 ἐπιστολάς
561 4543 613 4601 αἰπδ
629 4542 784 4611 Βυζαντίου·
801 4542 845 4600 καὶ
859 4533 890 4614 ἦν

100 4638 137 4697 τὰ
152 4635 327 4718 γεγραμμένα
342 4634 443 4693 τοιάδε·

165 4784 249 4848 Ἱππία
261 4788 296 4847 τῷ
308 4784 399 4844 ἀδελφῷ
413 4780 502 4845 χαίρειν
517 4781 663 4844 Σώστρατος.

60 4914 88 4953 ¹⁰
133 4900 253 4961 Ἰἰκυισι
264 4900 328 4979 πρὸς
338 4899 367 4957 σέ
377 4898 494 4977 θυγάτηρ
506 4896 557 4973 ἐμὴ
566 4896 707 4967 Λευκίππη
716 4894 760 4952 καὶ
773 4894 889 4954 Πάνθεια

98 4992 185 5069 γυνή·
200 4992 315 5065 πόλεμος
327 4988 379 5070 γθρ
397 4986 590 5068 περιλαμύάνει
613 4986 767 5053 Βυζαντίους
787 4988 889 5063 Θρᾳκι·

99 5082 157 5148 κός.
201 5082 274 5148 Σιῖιζε
290 5078 320 5137 δέ
339 5101 383 5155 μοι
395 5080 429 5136 τὰ
443 5078 557 5159 ρίλτατα
577 5081 623 5135 τοῦ
644 5076 732 5154 γένους
751 5071 889 5154 μέχριιτῆς

101 5174 150 5231 τοῦ
165 5168 283 5245 πολέμου
293 5165 387 5249 τύχης.

1692 386 1727 433 29

918 520 922 577 γ
945 499 991 557 vir,
1004 510 1060 559 quae
1082 511 1208 561 perpessus
1227 500 1308 549 fuisti?
1323 504 1380 551 iuus
1393 503 1458 551 euim
1478 505 1605 568 arispectus
1616 510 1647 558 ab
1658 511 1729 573 liujus
1801 566 1806 575 ,

918 586 922 673 γ
943 570 981 619 dei
999 572 1119 632 mysteriis
1134 576 1158 622 te
1176 586 1225 622 non
1244 574 1414 625 abhorrentem
1432 578 1546 631 sterteret.
1580 587 1643 633 Τιιιιι
1662 587 1728 637 iiie:

945 644 979 691 ad
990 644 1126 706 profusam,
1146 645 1273 709 (inquit,)
1292 649 1422 697 sorborum
1437 654 1530 716 copiam
1552 671 1590 705 me
1603 672 1702 709 revocas
1720 682 1728 711 ε

944 716 1030 765 tabuiis
1041 718 1104 765 enim
1119 731 1174 767 mea
1187 719 1274 769 simitia
1284 726 1349 771 sunt.
1383 726 1445 772 Tum
1457 741 1500 788 ego
1514 748 1520 776 ι
1533 733 1567 779 Ne
1581 745 1621 791 per
1632 737 1728 797 iorem,

943 801 1033 851 perque
1053 797 1164 841 Amorem
1186 793 1280 854 ipsum,
1300 797 1414 858 inquam,
1430 804 1551 851 cuncteris
1567 804 1612 855 irae
1630 822 1669 857 me
1688 825 1728 858 ra-

944 862 1007 911 tione
1019 864 1094 925 magis
1104 864 1202 926 jurare,
1213 868 1308 915 tamem
1320 868 1429 919 tabidosa
1438 872 1570 924 rideantur.
1587 882 1728 942 tiaequum

942 933 1073 996 dixissem,
1089 951 1163 986 manu
1178 940 1323 1000 prehensum
1342 942 1464 993 bominem
1484 948 1590 998 ricinum
1605 955 1727 1013 quoddam

942 1008 966 1055 in
981 1021 1066 1059 nemus
1080 1011 1204 1073 perduxi:
1230 1012 1271 1062 ubi
1292 1016 1418 1074 permistim
1440 1022 1514 1080 atque.
1533 1036 1616 1085 opacas
1637 1028 1727 1087 platani

942 1088 1119 1144 succreverant,
1126 1085 1299 1148 perspicuaque
1307 1101 1336 1135 ao
1344 1088 1429 1150 frigida
1439 1104 1502 1153 aqua
1513 1098 1727 1155 prateriabebatur

941 1155 1020 1216 quatis
1028 1156 1055 1205 iit
1064 1170 1141 1219 nuper
1151 1157 1280 1219 iiqueincia
1291 1161 1354 1210 nire.
1382 1162 1433 1211 iilic
1443 1179 1519 1226 quum
1530 1169 1726 1234 nunriiiquodan

942 1229 966 1275 iu
991 1229 1044 1277 ioco
1058 1229 1140 1280 sedere
1163 1229 1285 1279 bominem
1302 1232 1442 1294 iussissem,
1463 1239 1560 1301 ipseque
1578 1245 1726 1310 assedissem,

941 1302 1013 1363 Atqui
1029 1304 1123 1366 tempus
1134 1307 1186 1364 est,
1200 1304 1314 1367 inquam,
1333 1308 1459 1358 audiendae
1471 1313 1587 1365 orationis
1603 1320 1652 1367 ture
1668 1322 1727 1370 :de-

941 1373 1076 1497 χεοίοῑίοοίρ
1088 1377 1186 1425 ommno
1203 1378 1271 1427 locus
1285 1378 1324 1427 bio
1337 1381 1437 1443 plenus,
1448 1387 1619 1451 amatoriisque
1636 1392 1727 1444 tabellis

959 1461 1026 1509 rgnus
1035 1461 1061 1497 es
1075 1485 1080 1496 .

972 1552 1016 1599 iii.
1041 1554 1104 1601 Tum
1127 1552 1167 1602 iiie
1190 1554 1220 1603 ab
1238 1553 1285 1603 troo
1307 1555 1424 1618 principio
1442 1574 1543 1609 exorsus
1563 1566 1599 1612 cst
1621 1564 1726 1616 eiicere:

942 1646 1029 1693 Gentis
1046 1645 1106 1695 mibi
1119 1647 1184 1709 origo
1203 1660 1217 1696 e
1235 1648 1355 1697 Ptroenicia
1373 1653 1423 1709 est,
1440 1653 1517 1712 patria
1529 1657 1607 1716 Tyrus
1618 1692 1625 1717 ,
1638 1672 1727 1711 nomeu

940 1738 1086 1803 Ciitopbou,
1109 1743 1176 1803 pater
1195 1744 1307 1805 ilippias,
1323 1746 1397 1808 patris
1421 1746 1493 1796 trater
1516 1752 1654 1811 sostratus,
1677 1768 1726 1805 non

939 1837 1005 1884 omni
1014 1837 1082 1898 parte
1092 1836 1165 1886 irater
1176 1837 1218 1887 sed
1231 1838 1297 1900 quod
1309 1840 1339 1887 ad
1345 1834 1443 1902 ¹patrem
1455 1842 1540 1893 attinet
1555 1859 1560 1887 :
1572 1859 1627 1896 nam
1638 1852 1727 1900 matres

939 1928 996 1978 dum
1013 1930 1088 1989 tuere,
1103 1932 1210 1981 Sostrato
1230 1934 1359 1994 Byzantia,
1385 1936 1482 1998 iiippiae
1492 1939 1572 1999 Tyria.
1605 1945 1726 1992 sostratus

941 2026 1065 2086 Byzantii,
1082 2028 1208 2088 propterea
1221 2028 1287 2090 quod
1304 2028 1337 2077 ibi
1359 2030 1441 2078 matris
1459 2030 1579 2081 hereditas
1595 2047 1652 2084 sane
1677 2050 1725 2086 non

940 2120 1028 2180 exigua
1038 2120 1071 2168 itii
1081 2124 1148 2181 erat,
1157 2134 1252 2183 semper
1261 2126 1423 2172 commoratus
1434 2128 1470 2173 est
1481 2144 1488 2175 ε
1502 2129 1569 2188 pater
1582 2141 1649 2176 meus
1658 2130 1724 2192 'syri

944 2218 1046 2264 Matrem
1069 2216 1119 2277 ipss
1138 2230 1217 2265 meam
1231 2229 1280 2265 non
1300 2218 1370 2279 nori,
1387 2221 1413 2267 ut
1425 2233 1480 2282 quae
1495 2234 1566 2269 suum
1579 2223 1671 2273 ineante
1687 2238 1726 2274 me

939 2310 1026 2360 obierit
1045 2310 1109 2360 diem
1123 2331 1129 2360 :
1147 2312 1228 2374 itaque
1237 2314 1338 2362 aiteram
1349 2315 1394 2363 sibi
1404 2319 1472 2376 pater
1482 2329 1583 2366 uxorem
1597 2318 1725 2379 adjunxit:

939 2420 969 2454 ex
983 2420 1031 2467 qua
1044 2418 1150 2456 sororem
1166 2406 1225 2455 mitri
1238 2408 1377 2470 caiiigonen
1391 2410 1489 2471 genuit,
1505 2424 1579 2473 quam
1595 2413 1654 2461 mibi
1668 2427 1725 2463 uxo-

940 2514 990 2549 rem
1002 2500 1060 2551 dare
1070 2506 1138 2565 pater
1150 2502 1247 2565 quidem
1257 2503 1412 2566 decreverat,
1422 2505 1464 2554 sed
1474 2508 1609 2568 potentiora
1624 2508 1725 2559 homini-

940 2598 984 2646 bus
997 2598 1045 2646 iaia
1060 2597 1120 2646 mitri
1142 2597 1215 2647 aiiam
1239 2598 1375 2648 servabant.
1410 2620 1422 2641 ι
1441 2603 1590 2664 Frequenter
1602 2606 1683 2654 autern
1692 2606 1725 2655 dii

941 2692 1083 2742 mortalibus
1103 2693 1184 2742 futura
1203 2694 1337 2744 insomnis
1357 2697 1515 2757 pronunciare
1533 2703 1725 2760 consueverunt,

939 2801 987 2836 non
1004 2800 1053 2849 quo
1069 2787 1132 2836 mma
1143 2789 1302 2850 praecavendo
1322 2790 1412 2840 evitent
1432 2792 1526 2854 (neque
1550 2793 1615 2842 enirn
1628 2794 1677 2843 saio
1697 2795 1725 2843 iri

938 2880 1034 2930 obviam
1048 2884 1142 2943 potest)
1153 2882 1195 2931 sed
1207 2896 1256 2944 quo
1270 2883 1390 2944 sequiora,
1402 2897 1478 2946 quemi
1493 2888 1627 2947 patiuntur,
1644 2889 1725 2937 auimo

940 2978 1024 3026 ierant.
1059 2976 1192 3037 itepeuiina
1204 2978 1269 3026 enim
1280 2980 1304 3026 et
1314 2978 1476 3039 inexspectata
1490 2981 1621 3042 perceiiunt
1632 2984 1722 3044 impro-

940 3065 990 3112 viso
1004 3064 1109 3113 adventu
1136 3068 1242 3113 mentem
1254 3067 1327 3127 atque
1340 3069 1495 3127 prosternunt
1513 3083 1518 3115 :
1534 3070 1636 3130 praevisa
1652 3084 1724 3127 i'ero,

938 3160 1067 3220 antequm
1080 3172 1108 3207 ea
1125 3159 1255 3221 patiamur,
1269 3158 1328 3207 dum
1344 3160 1375 3207 ad
1390 3174 1473 3208 eorum
1491 3163 1659 3223 cogitationem
1672 3166 1724 3213 ani·

940 3261 995 3298 mus
1010 3248 1155 3311 pedetentim
1165 3248 1301 3308 deducitur,
1312 3250 1362 3296 rim
1376 3249 1496 3297 matorum
1509 3255 1565 3299 ante
1575 3251 1693 3313 frangunt.
1712 3273 1723 3295 ν

941 3348 1024 3406 itaque
1033 3357 1109 3406 quum
1120 3356 1211 3393 nonum
1224 3346 1249 3392 et
1257 3342 1379 3391 deeiumm
1388 3356 1484 3405 agerem
1497 3358 1603 3406 urinum,
1616 3346 1724 3407 nuptias·

938 3454 986 3502 que
1000 3451 1064 3488 anno
1078 3438 1188 3503 sequenti
1204 3440 1272 3500 pater
1287 3438 1396 3487 [acturus
1416 3442 1494 3495 esset,
1509 3439 1616 3489 iabuiam
1629 3440 1724 3489 iortuua

940 3536 1090 3599 receptavit.
1124 3538 1206 3593 Quum
1214 3549 1254 3584 me
1264 3535 1340 3598 quieti
1349 3534 1551 3592 dedissem-isus
1562 3550 1616 3585 snm
1626 3537 1658 3587 iia
1668 3550 1724 3586 curn

836 3664 853 3683 ι,
913 3656 916 3679 ι
939 3632 1031 3694 virgine
1048 3630 1175 3693 conjungi,
1198 3632 1256 3679 uta
1276 3630 1354 3692 capite
1375 3630 1406 3677 ad
1421 3630 1561 3680 umbilicum
1579 3644 1655 3694 usque
1675 3632 1724 3681 duo

913 3686 916 3705 Ι

913 3708 916 3817 ξ
939 3741 1041 3790 corpora
1057 3740 1179 3784 υνεοιιιιιο,
1200 3725 1313 3787 deinceps
1328 3739 1385 3774 vero
1406 3725 1431 3773 in
1453 3739 1528 3775 unum
1543 3727 1723 3777 maluissemus,

913 3820 916 3895 j
941 3823 1026 3872 ,iiiiiier
1042 3823 1158 3883 arispeetu
1173 3820 1295 3881 borribiti,
1310 3834 1395 3883 magna
1408 3823 1513 3880 statura,
1534 3822 1604 3869 irritu
1619 3823 1724 3883 agresti,

913 3910 916 3981 ξ
938 3917 1076 3980 sanguineis
1090 3917 1180 3974 oeulis,
1192 3916 1258 3976 genis
1273 3916 1377 3976 asperis,
1394 3914 1495 3975 vipereis
1506 3914 1628 3972 crinibus,
1639 3916 1724 3964 idicem

913 4028 916 4077 j
938 4016 1038 4075 dextra,
1055 4014 1116 4062 itera
1129 4012 1232 4061 [acesium
1243 4014 1336 4069 tenens,
1347 4009 1416 4058 nobis
1426 4009 1566 4068 imminere;
1579 4012 1653 4069 atque
1664 4010 1724 4060 irata

938 4126 977 4162 me
998 4109 1092 4172 aggredi
1106 4112 1130 4157 et
1145 4107 1241 4157 sublata
1263 4106 1324 4155 [eice
1342 4105 1452 4167 plagam,
1471 4117 1520 4167 qua
1537 4104 1587 4153 duo
1603 4105 1627 4153 in
1649 4119 1723 4154 unum

938 4214 1039 4263 corpora
1050 4200 1170 4257 coierant,
1182 4198 1313 4258 imponere,
1325 4194 1489 4256 virginemque
1499 4207 1514 4242 a
1523 4207 1563 4242 me
1574 4193 1722 4243 abscindere.

938 4294 1016 4349 Quam
1030 4288 1120 4337 obrem
1132 4287 1218 4335 timore
1232 4284 1355 4347 perculsus
1368 4286 1442 4344 atque
1451 4296 1482 4332 ex
1491 4296 1577 4331 sonino
1589 4283 1722 4339 excitatus,

939 4379 1028 4429 nemini
1044 4378 1124 4440 paiam
1140 4376 1184 4424 teci
1199 4390 1205 4421 :
1219 4374 1260 4423 sed
1273 4373 1297 4422 in
1311 4374 1429 4421 erratorum
1439 4371 1582 4432 cogitatione
1594 4370 1659 4417 sotus
1672 4381 1722 4416 rer·

913 4440 916 4549 ί
937 4470 1016 4518 sabae.
1051 4469 1145 4515 interea
1159 4463 1279 4512 accedunt
1296 4462 1356 4510 trac.
1392 4464 1448 4510 tlrat
1465 4461 1547 4515 irater,
1561 4464 1587 4505 ut
1602 4457 1665 4515 disi,
1680 4469 1722 4518 ps·

913 4556 916 4657 γ
938 4562 981 4609 iris
1002 4559 1141 4609 Sostratus:
1161 4553 1278 4615 iipmntio
1291 4552 1372 4600 iiteras
1383 4550 1414 4597 ab
1431 4564 1460 4598 eo
1479 4548 1566 4609 aiiquis
1589 4546 1654 4594 seuit
1681 4546 1722 4595 ad·

913 4670 916 4723 γ
939 4651 1016 4699 terens
1028 4650 1053 4696 et
1064 4645 1133 4693 erant
1144 4644 1232 4704 ¹scripta
1245 4641 1296 4689 time
1311 4654 1317 4687 :

991 4790 1104 4832 Sostratus
1114 4783 1201 4840 tlippiae
1212 4780 1278 4824 irairi
1290 4783 1311 4821 s.
1328 4782 1353 4823 b.

912 4910 915 5035 γ
968 4901 1088 4959 Lerrcippe
1098 4897 1146 4944 titia
1159 4899 1183 4945 ei
1195 4892 1296 4943 i‘antiriu
1309 4903 1371 4935 ιιιυι·
1384 4900 1435 4935 urea
1447 4885 1629 4948 proiieiseirntur
1639 4888 1669 4936 ad
1680 4892 1702 4937 ie
1714 4909 1719 4935 :

912 5060 915 5107 γ
937 5030 1027 5080 betium
1043 5028 1107 5076 enim
1127 5040 1141 5073 a
1160 5022 1293 5074 Thracibus
1307 5018 1426 5080 tiseruriiis
1440 5016 1550 5065 insertor.
1583 5018 1620 5064 Tu
1646 5014 1720 5063 earis-

911 5130 914 5153 Ι

910 5168 914 5216 Ι
936 5164 997 5214 sima
1011 5162 1110 5225 pignora
1125 5154 1193 5205 nobis
1203 5150 1233 5201 ad
1249 5150 1303 5199 beili
1318 5148 1410 5199 esitum
1422 5162 1498 5211 usque
1510 5144 1611 5196 custodi.
