3726 5692
874 344 986 402 LIBER
1010 342 1047 399 11.
1712 350 1764 399 251

145 478 304 546 Ναυσικλῆς
323 473 527 551 δνηγκαλίζετο,
550 474 598 546 τὴν
624 473 760 552 Ἀρσινόην
781 475 827 533 καί
851 479 934 532 ταῦτα
983 478 1123 537 hausides,
1145 479 1349 540 amplecteretur;
1371 477 1486 538 Arsinois,
1513 491 1570 525 cum
1591 490 1638 540 qna
1665 477 1769 539 primum

145 564 274 644 πθότῑθθ*
301 562 512 640 prpuoxopevrp
549 565 620 644 αὐτῷ
648 562 934 643 παίδίχωνίσᾶμῑνθίι
983 589 1157 647 consueverat,
1173 589 1312 647 contemta,
1330 600 1358 636 ea
1372 587 1402 636 de
1421 601 1512 648 causa,
1532 588 1596 650 quod
1613 588 1647 636 iili
1661 587 1766 636 intume-

146 654 238 724 ἱπῃδὴ
256 652 435 731 κυρτουμένην
449 654 515 731 αὐτῇ
527 651 575 722 τὴν
588 652 699 732 παρειὰν
714 656 740 711 3⁹
751 657 803 720 τοῖς
815 652 931 761 “mins
983 706 1050 743 scere
1060 706 1130 755 genas
1140 693 1201 742 inter
1210 692 1347 741 canendum
1356 692 1452 742 videbat
1460 696 1484 742 et
1497 693 1652 743 vehementer
1667 694 1772 742 intiando

148 763 189 799 σιν
205 732 257 799 εἶδε
274 740 320 797 καὶ
337 738 445 819 πρδςτδ
466 739 549 818 βίαιον
572 743 623 798 τῶν
639 738 802 820 φυσημάτιον
820 743 934 817 ἀπρεπε·
1034 798 1044 846 t
1081 797 1097 845 d
1225 797 1239 846 d
1542 797 1557 845 Ι,
1584 799 1589 809 ,
1666 799 1671 808 ,

122 848 241 909 mm
256 827 639 909 γπγτὰςρῖναςάνωταμένην,
654 829 720 887 τότ,
735 827 936 909 &nummis
984 811 1033 860 prae
1044 810 1071 846 er
1098 810 1224 915 ecoruma
1252 811 1322 847 nares
1336 811 1478 858 exsurgere,
1493 812 1539 846 ueu
1552 812 1571 846 rs
1583 811 1684 847 incensis
1693 812 1771 848 acsua

150 940 228 992 μενον
243 917 288 976 καί
302 920 349 987 τῆς
362 917 458 983 οίκείας
469 914 546 994 έδρας
559 914 742 992 ίξιυθοόμενον.
984 903 1040 953 ⁵0⁶⁰
1057 903 1237 953 θδῦωθῃῑὼω·

191 1004 238 1068 Θ’.
257 1000 319 1085 Ὑφ’
337 995 374 1062 ῶν
397 1004 535 1080 οίδουμένη
550 1008 587 1083 τῷ
605 1005 677 1085 χόλῳ
694 1005 740 1062 καὶ
763 1003 833 1080 ζήλῳ
849 1026 936 1083 πυρα·
1016 1015 1058 1063 rx.
1089 1013 1253 1073 Quamobrem
1280 1016 1377 1064 tumens
1399 1013 1435 1062 ira
1458 1016 1482 1062 et
1509 1014 1595 1064 erdem
1619 1016 1772 1066 aemulatione

153 1093 296 1169 κτωμένη,
308 1093 361 1157 τοῖς
375 1093 478 1157 οἰκείοις
490 1095 537 1162 τῆς
550 1091 716 1168 Δημαινέτης
727 1097 870 1171 προσιοῦσα
890 1089 937 1159 τὴν
985 1102 1102 1162 Arsinoe,
1126 1103 1241 1163 cognatos
1263 1104 1409 1151 Demaenetee
1435 1101 1567 1163 accedens,
1592 1103 1690 1153 insidias
1704 1104 1739 1154 illi
1758 1118 1772 1154 a

154 1182 212 1238 κατ’
225 1183 304 1253 αὐτῆς
319 1180 461 1251 ἐπιόουλὴν
480 1180 530 1239 θπδ
544 1185 590 1252 τῆς
605 1180 709 1253 Θίσόης
724 1179 889 1260 ἐξηγόρευσε·
904 1180 937 1237 τὰ
984 1189 1072 1240 Thisbe
1091 1190 1166 1240 laetas
1180 1191 1309 1252 esposuit3
1330 1190 1443 1252 quadam
1459 1190 1510 1253 ipsa
1524 1204 1567 1254 per
1584 1205 1610 1242 se
1632 1192 1772 1256 suspicata,

126 1264 198 1346 oph
218 1271 289 1342 αὖτή
309 1271 367 1329 καθ’
392 1269 474 1341 αὑτὴν
500 1269 762 1347 θποτοπήσασα,τδ
782 1268 873 1327 δὲκαὶ
892 1273 938 1340 τῆς
984 1278 1098 1341 quadam
1108 1279 1150 1339 ita,
1162 1278 1367 1341 quemadmodum
1380 1279 1414 1328 illi
1428 1279 1526 1340 Thisbe,
1538 1281 1618 1329 amica
1628 1280 1687 1330 dum
1700 1285 1772 1343 esset,

158 1356 255 1431 Θίαθης
269 1361 338 1440 αὐτῇ
352 1357 425 1439 παρδι
436 1356 485 1431 τὴν
498 1358 612 1438 ἑταιρίαν
626 1355 785 1430 ἐξειποόσης.
819 1358 937 1417 Συστάν·
984 1365 1097 1427 dixerat,
1116 1379 1249 1416 recensens.
1293 1369 1356 1415 Cum
1373 1366 1446 1427 igitur
1457 1368 1633 1429 conspirassent
1647 1373 1675 1418 ut
1687 1371 1772 1433 perde-

160 1469 192 1513 τις
205 1438 249 1505 οὖν
275 1446 319 1507 ἐπὶ
342 1447 387 1505 τὸν
412 1449 515 1527 πατέρα
538 1446 583 1504 τδν
601 1446 663 1521 ἐμὸν
680 1449 703 1504 οἵ
726 1445 795 1504 κατδι
814 1445 886 1524 γένος
905 1449 936 1523 τῇ
988 1458 1041 1504 rent
1054 1458 1147 1518 patrem
1160 1468 1240 1504 meum
1256 1455 1383 1505 necessarii
1401 1457 1548 1505 Demaenetoe
1567 1458 1771 1520 eteloquentissl·

164 1534 303 1615 δημαινέτη
324 1535 500 1615 προσήκοντες
513 1535 559 1593 καί
572 1535 631 1600 τοὺς
648 1535 807 1603 δεινοτάτους
823 1538 874 1593 τῶν
893 1537 937 1616 ρη-
985 1556 1038 1592 mos
1059 1554 1171 1605 quosque
1191 1543 1311 1601 oratores,
1330 1541 1361 1590 ad
1375 1542 1538 1592 accersendum
1550 1580 1557 1601 ,
1571 1556 1656 1607 magna
1673 1544 1774 1606 pecunia

167 1624 235 1700 τόρνον
256 1626 321 1705 πρὸς
345 1624 393 1695 τὴν
420 1624 582 1703 κατηγορίαν
609 1625 653 1682 ἐπὶ
676 1624 781 1690 πολλοῖς
803 1622 937 1702 χρήμασιν
985 1633 1120 1681 συνουσίαι
1137 1630 1321 1693 produxissent,
1341 1630 1500 1692 injudicatam
1521 1634 1546 1679 et
1561 1644 1610 1680 non
1633 1634 1773 1684 convictam

145 1710 380 1789 ιιέναθιόασάμενοι
391 1712 497 1792 άκριτον
510 1712 557 1771 καί
568 1712 722 1787 ἀνελεγκτον
733 1715 879 1791 ἀνῃρῆσθαι
891 1710 939 1782 τὴν
986 1720 1081 1782 periisse
1087 1721 1250 1769 Demaenetum
1259 1720 1426 1770 clamabanlet
1435 1720 1580 1771 adulterium
1591 1720 1620 1770 nd
1628 1726 1773 1784 praetextum

172 1802 322 1876 δημαινίτην
335 1802 417 1859 ἐόόων
437 1802 482 1860 καί
498 1799 544 1872 τὴν
565 1800 684 1880 μοιχείαν
699 1801 879 1880 προκάλυμμα
894 1806 938 1858 τοῦ
986 1809 1057 1857 caedis
1069 1809 1233 1871 compositum
1247 1809 1320 1858 luisse
1332 1810 1465 1859 narrabant
1480 1813 1504 1858 et
1519 1813 1544 1858 ut
1557 1811 1684 1860 exhiberet
1703 1812 1774 1863 ndul-

174 1890 397 1971 ρόνουσυγκεῖσθαι
418 1888 553 1967 διεξῄεσαν
569 1889 614 1947 καί
633 1890 809 1948 ἐπιδεικνύναι
825 1890 868 1947 τὸν
882 1912 940 1966 μοι·
986 1899 1064 1946 terum
1083 1910 1125 1946 seu
1148 1899 1231 1946 vivum
1251 1910 1294 1947 seu
1313 1901 1454 1958 mortuum,
1472 1898 1649 1959 postulabant:
1670 1900 1774 1962 denique

175 1975 235 2057 γδνη
247 1981 346 2049 ζῶντα,
360 1978 378 2049 ἢ
391 1978 534 2050 τεθνηκότα
554 1978 641 2049 ἠξίουν
656 1978 674 2050 ἦ
688 1978 733 2037 καλ
746 1976 860 2054 τοῦνομα
874 1978 939 2058 φρά·
986 1998 1074 2034 numen
1090 1984 1176 2034 saltem
1192 1984 1299 2048 prolerre
1309 1984 1430 2046 jubebant
1444 2005 1451 2035 :
1465 1986 1496 2033 ad
1508 1988 1654 2045 extremum,
1670 1988 1774 2039 Thisben

178 2070 216 2134 ζειν
232 2065 305 2141 μόνον
323 2067 457 2125 ἐκέλευον·
475 2065 521 2124 καί
539 2064 611 2134 τέλος
626 2065 672 2137 τὴν
688 2063 793 2138 Θίοόην
806 2069 841 2132 εἰς
855 2065 939 2143 βασά-
986 2074 1181 2136 inquinationem
1197 2073 1361 2136 postulabant.
1377 2076 1440 2123 crim
1456 2076 1549 2135 autem,
1566 2075 1631 2137 quod
1654 2076 1774 2139 pollicitus

154 2172 222 2219 υνυς
236 2154 347 2224 ἐξῆτουν.
388 2153 438 2221 Ὡς
452 2155 475 2212 δ’
491 2154 671 2233 ὑποσχόμενος
686 2150 799 2233 θπατὴρ
822 2156 869 2213 οθκ
885 2144 940 2232 εἶχε
986 2163 1065 2212 iuerat
1078 2166 1155 2226 pater,
1170 2176 1218 2212 non
1232 2165 1312 2226 posset
1335 2162 1401 2211 illam
1414 2164 1440 2211 in
1450 2163 1609 2224 questionem
1623 2165 1684 2213 terre
1699 2184 1704 2213 :
1717 2179 1770 2227 pro

181 2242 342 2321 supsidium,
353 2243 525 2323 προῖδομένης
539 2243 612 2301 ταῦτ’
626 2243 738 2315 ἐκείνης,
755 2243 794 2301 ἔτι
807 2247 854 2312 τῆς
868 2243 941 2313 δίκης
986 2255 1101 2314 aperierat
1116 2253 1181 2301 enim
1195 2251 1253 2314 ilia,
1268 2265 1325 2301 cum
1349 2253 1455 2314 primum
1474 2252 1593 2314 judicium
1614 2258 1739 2316 cogeretur
1751 2257 1776 2305 et

181 2330 344 2407 συνισταμένης
361 2330 407 2390 καί
431 2329 513 2406 (οὕτω
535 2331 703 2408 συγκείμενον
725 2334 791 2409 αὐτῇ
812 2331 875 2411 πρὸς
897 2330 940 2390 τὸν
987 2342 1038 2404 (sio
1051 2332 1116 2390 enim
1129 2341 1163 2390 illi
1177 2345 1229 2390 erat
1243 2354 1299 2390 erim
1321 2342 1455 2391 mercatore
1473 2342 1647 2405 coustitutum)
1663 2345 1717 2405 iuga
1731 2344 1776 2393 sibi

181 2412 284 2496 ίμτορον)
299 2420 411 2498 δρασμῷ
425 2420 614 2499 χρησαμένης,
630 2424 644 2478 θ
662 2421 743 2497 δῆμος
757 2419 941 2498 ἀγανακτήσας
987 2429 1141 2478 consuluerat
1161 2444 1167 2476 :
1186 2429 1289 2491 populus
1312 2430 1393 2492 inique
1412 2430 1505 2490 ierem,
1526 2431 1704 2481 interfectorem
1719 2446 1775 2481 eum

181 2503 240 2580 φονία
257 2506 301 2583 μὲν
319 2509 368 2566 οθκ
385 2507 494 2587 ίκρινεν,
514 2507 610 2566 ἅπανθ’
625 2512 661 2575 ὡς
679 2509 756 2588 ἔσχεν
773 2508 941 2584 ὑποθέμενον,
987 2518 1085 2580 quidem
1097 2530 1145 2567 non
1155 2517 1286 2579 judicavit,
1301 2519 1343 2580 qui
1356 2518 1452 2579 omnia,
1465 2521 1493 2566 ut
1505 2521 1570 2579 gesta
1581 2519 1690 2580 inerant,
1701 2534 1776 2582 expo-

157 2590 238 2656 ιθιδί
252 2595 379 2654 συναίτιον
394 2600 440 2668 τῆς
453 2597 478 2654 τ’
496 2598 532 2662 εἰς
552 2595 720 2672 Δημαινέτην
743 2595 883 2667 έπιόουλῆς
897 2595 942 2655 καί
986 2610 1082 2668 suerat;
1096 2609 1263 2655 verumtamen
1279 2608 1307 2655 ut
1320 2606 1456 2666 adiutorem
1476 2607 1614 2657 insidiarum
1630 2613 1713 2657 contra
1730 2611 1777 2659 Dc·

182 2678 215 2747 ῖῗτς
225 2681 280 2758 ίμῆς
291 2682 382 2740 άδίκου
395 2686 478 2760 φυγῆς
487 2686 532 2740 τοῦ
544 2686 567 2740 τ’
581 2683 672 2750 άστεος
686 2683 773 2752 ἐδίωξε
787 2684 831 2743 καί
846 2683 942 2759 δημεό·
988 2696 1115 2745 mrenelam
1127 2697 1152 2744 et
1164 2694 1241 2744 exsilii
1256 2693 1315 2742 mibi
1333 2693 1422 2755 injuste
1434 2693 1516 2742 indicti
1532 2707 1562 2743 ex
1575 2695 1636 2743 urbe
1648 2697 1740 2756 pepulit
1753 2699 1778 2745 et

183 2784 212 2821 tn
221 2771 263 2826 τῶν
275 2770 356 2829 ὄντοιν
371 2770 521 2846 ἐζημίωσε,
536 2772 658 2841 τοιαύτης
681 2776 732 2829 τῶν
754 2771 879 2851 δευτέρων
894 2772 942 2849 γά·
988 2784 1159 2846 proscriptione
1171 2784 1290 2834 bonorum
1303 2782 1445 2841 mulctavit,
1457 2782 1605 2843 ejuscemodi
1622 2785 1727 2833 trucium
1746 2798 1777 2833 ex

183 2874 225 2919 litt
240 2861 280 2930 τῆς
294 2858 388 2941 πείρας
401 2859 575 2938 άπονάμενσυ.
620 2859 700 2921 Οθτω
722 2860 805 2937 μὲνὴ
829 2859 941 2932 κακίστη
987 2871 1099 2923 secundis
1114 2873 1204 2934 nuptiis
1222 2870 1329 2934 quaesitis
1351 2871 1516 2919 consecutum.
1552 2872 1778 2920 resinosissima

183 2938 250 3016 θίῦθη
266 2944 311 3008 καί
325 2950 399 3015 δίκας
413 2949 458 3007 ὑπ’
470 2949 546 3030 ὄψεσι
560 2951 616 3007 νυνὶ
628 2950 686 3015 ταῖς
700 2949 777 3026 ἐμαῖς
789 2952 943 3030 ὑποαχοῦσα
988 2962 1090 3023 Thisbe,
1102 2974 1158 3024 quoe
1170 2960 1269 3023 quidem
1281 2959 1380 3007 nuncin
1395 2962 1524 3020 conspectu
1537 2972 1591 3008 meo
1607 2959 1673 3009 dedit
1685 2973 1778 3021 pinnas,

160 3028 340 3109 'illl‘bbqvois
354 3036 504 3105 ίξέπλευσε.
548 3039 602 3098 Καί
616 3044 699 3096 ταῦτα
723 3035 801 3113 μόνον
816 3040 942 3118 ἔχωγιγ-
989 3063 1017 3098 ea
1034 3048 1126 3098 ratione
1137 3047 1260 3108 navigavit
1270 3045 1369 3096 Athenis
1402 3040 1777 3110 Atquehnasantumsciropo·

185 3118 277 3201 νδαισιν,
290 3122 461 3192 Ἀντικλέους
475 3126 542 3192 τινδς
554 3127 623 3185 κατδι
637 3127 684 3199 τὴν
699 3127 812 3204 Αἴγιναν
827 3127 944 3205 ἐξαγγεί-
989 3138 1037 3197 tui,
1052 3150 1107 3200 quaa
1119 3136 1177 3185 mihi
1189 3136 1294 3185 Anticles
1304 3134 1402 3197 qnidam
1416 3135 1440 3183 in
1454 3135 1537 3195 AEgina
1550 3138 1708 3185 narraverat:
1721 3150 1777 3186 crim

184 3204 297 3295 ἐπτηῷ
310 3212 358 3273 καί
375 3213 494 3294 δεύτερον
506 3217 541 3282 εἷς
554 3215 602 3287 τὴν
617 3215 751 3292 Αἴγυπτον
766 3215 943 3287 συνέπλευσα,
989 3239 1039 3289 quo
1059 3238 1116 3273 eum
1131 3226 1218 3273 iterum
1241 3225 1265 3272 iu
1285 3226 1413 3285 AEgvptum
1434 3224 1597 3285 navigassem,
1617 3226 1658 3284 ut,
1679 3225 1698 3273 si
1718 3226 1779 3275 torte

185 3291 239 3376 Ιίπη
250 3300 315 3361 κατδι
328 3301 378 3374 τὴν
392 3302 564 3383 Ναυκρατίαν
587 3303 687 3384 εὕροιμι
709 3304 757 3376 τὴν
774 3304 879 3377 Θίσόην
900 3305 944 3364 καὶ
989 3313 1125 3364 Naucratim
1139 3312 1244 3361 Thisben
1259 3313 1412 3374 reperissem,
1436 3311 1552 3360 reducens
1572 3301 1679 3363 bibebas
1692 3313 1778 3363 libera·

185 3381 257 3457 sieri<
269 3389 382 3463 Ἀθήνας
396 3388 570 3469 ἐπαναγαγὼν
583 3393 693 3469 λύσαιμι
705 3392 751 3465 μὲν
764 3391 886 3459 τθιςκατθι
899 3398 944 3452 τοῦ
991 3417 1040 3452 rem
1052 3404 1145 3466 patrem
1158 3401 1332 3464 suspicionibus
1344 3405 1369 3450 et
1381 3401 1530 3461 cnminibus,
1543 3414 1662 3451 sumerem
1678 3415 1736 3452 vero
1748 3403 1779 3452 de

161 3474 260 3555 ῃθτρδς
269 3480 389 3546 ὑπονοίας
403 3503 431 3537 τε
441 3478 489 3537 καί
504 3478 600 3550 αίτίας,
614 3481 793 3557 άπαιτήσαιμι
806 3480 834 3540 δέ
844 3485 896 3541 τῶν
909 3484 945 3549 είς
991 3493 1030 3541 iila
1056 3491 1196 3540 insidiarum
1220 3489 1291 3539 nobis
1316 3489 1429 3539 omnibus
1451 3491 1570 3540 iacturum
1595 3504 1692 3554 poenam
1716 3504 1780 3541 nunc

185 3558 499 3645 1ῑίιαςίμθίςέπιόουλῶν
522 3566 569 3634 τθις
583 3569 668 3636 δίκας.
710 3569 820 3630 Ἐνθάδε
834 3571 888 3629 νυνί
900 3569 947 3631 καί
991 3581 1039 3644 hic,
1054 3583 1078 3629 et
1092 3593 1140 3629 una
1153 3579 1277 3628 vobiscum
1294 3592 1386 3628 versor,
1420 3581 1496 3628 Porro
1510 3580 1568 3642 quid
1582 3580 1654 3630 tuerit
1670 3581 1780 3631 lucerna

185 3644 279 3729 &ripn
292 3656 458 3732 ἐξετάζομαι.
489 3654 547 3727 Τὴν
559 3656 580 3714 δ’
594 3658 679 3714 αἰτίαν
695 3659 740 3716 καὶ
753 3658 824 3724 θπως
836 3660 880 3719 καί
896 3660 944 3717 dou
990 3668 1014 3721 et
1029 3670 1128 3719 modum
1146 3670 1170 3718 et
1181 3680 1264 3728 casus,
1276 3681 1338 3730 quos
1349 3668 1396 3716 hoe
1408 3669 1535 3717 intervallo
1547 3681 1630 3731 passus
1643 3683 1697 3719 sum
1717 3669 1781 3721 dein·

183 3734 230 3804 ῖθίκ
239 3743 328 3819 μεταξὺ
342 3744 451 3824 χρόνους
464 3745 588 3816 θποστδς,
604 3749 716 3813 εἰσαῦθις
733 3746 884 3807 ἀκούσεσθε.
906 3750 946 3809 Τὸ
991 3757 1164 3820 cepsaudietis.
1199 3758 1230 3806 st
1240 3755 1363 3818 quomodo
1373 3755 1462 3805 Thisbe
1471 3756 1549 3805 inhoo
1558 3759 1628 3806 antro
1637 3760 1661 3807 et
1671 3759 1780 3820 aquibus

184 3814 288 3904 Μυκη
302 3830 394 3905 Θίσόη
408 3832 478 3890 κατίι
494 3832 524 3891 τὸ
540 3833 632 3914 άντρον
645 3834 690 3892 καί
707 3835 772 3916 πρδς
784 3836 860 3894 τίνων
876 3836 946 3916 θνῄ-
992 3847 1023 3894 sit
1046 3845 1188 3906 interiecta,
1209 3844 1255 3893 deo
1275 3844 1389 3906 quopiam
1409 3845 1507 3894 tortasse
1527 3845 1569 3906 qui
1590 3846 1659 3896 nobis
1676 3847 1781 3910 exponat

158 3914 324 3996 ”tanqum
342 3943 409 3987 τινος
421 3919 524 3988 estnon
536 3922 622 3993 δεήσει
634 3925 782 4005 φράζοντος.
992 3948 1053 3999 opus
1065 3934 1119 3984 erit.

216 4002 243 4067 l'.
259 4006 345 4079 Ἀλλ’,
361 4012 384 4068 εί
398 4011 485 4084 δοκεῖ,
503 4011 550 4081 τὴν
566 4012 654 4071 δέλτον
677 4013 709 4085 ἣν
725 4013 791 4090 πρὸς
804 4022 857 4081 τοῖς
870 4014 947 4094 στέρ-
1023 4025 1053 4072 ii.
1065 4024 1194 4083 ceterum,
1206 4023 1226 4071 si
1236 4022 1342 4083 videtur,
1355 4023 1469 4072 tabellam
1481 4025 1588 4087 quamin
1598 4028 1695 4086 pectore
1705 4026 1780 4088 ipsius

182 4100 226 4155 nr<
240 4098 312 4169 αθτῆς
330 4097 481 4179 εὑρήκαμεν
504 4102 706 4178 ἐπισκοπῶμεν·
730 4103 799 4170 είκός
817 4127 843 4164 τι
868 4103 946 4162 πλέον
992 4111 1142 4172 invenimus,
1156 4112 1342 4174 conspiciamus.
1375 4115 1569 4162 Consentaneum
1592 4117 1642 4175 est,
1664 4115 1730 4176 lore,
1754 4115 1782 4165 ut

179 4166 278 4269 ΞῊῖῧθτν
295 4189 515 4264 ἡμᾶςέκμαθεῖν.
540 4188 645 4248 Ἐδόκει
657 4192 753 4248 ταῦτα,
780 4191 831 4250 Καὶ
847 4191 946 4249 θιανοί-
992 4201 1048 4249 inde
1059 4200 1148 4263 aliquid
1168 4202 1284 4264 praeterea
1300 4200 1462 4249 addiscamus.
1496 4202 1591 4251 Placuit
1609 4203 1741 4262 sententia;
1756 4205 1782 4252 et

178 4272 222 4326 δ’(
245 4272 385 4354 ἐκήρχετσ
412 4274 457 4334 καί
482 4267 514 4347 ἦν
542 4275 576 4334 τδι
609 4279 810 4358 ἐγγεγραμμένα
844 4280 947 4338 τοιάδε·
992 4289 1114 4351 aperiens,
1128 4287 1257 4350 incipiebat
1268 4289 1322 4339 haee
1334 4289 1539 4351 ineaperscripta
1548 4291 1626 4352 legere
1639 4312 1645 4339 ι
1659 4292 1782 4342 caemani

150 4345 309 4421 “nffltsslii
336 4376 389 4423 Tne
417 4376 591 4434 nentiorib,
620 4370 637 4436 i,
667 4367 784 4442 πολεμία
810 4368 855 4426 καὶ
882 4371 948 4425 ἐπα·
994 4377 1068 4437 bern,
1083 4377 1196 4427 bostiset
1212 4377 1300 4427 vindex
1316 4376 1411 4426 Thisbe.
1444 4377 1514 4427 initio
1533 4379 1618 4426 nuntio
1639 4378 1781 4429 tibilretrrm

174 4430 270 4507 δ’δ’ῦσσ
280 4450 383 4523 Oloris.
427 4455 528 4530 Πρῶτα
550 4453 597 4530 μέν
622 4455 825 4532 εὐαγγελίζομαί
848 4479 888 4514 σοι
901 4455 948 4527 τὴν
994 4467 1124 4528 nuntium,
1141 4469 1288 4518 Demreuetae
1306 4468 1425 4528 mortem,
1444 4479 1499 4529 quae
1513 4466 1547 4516 illi
1567 4479 1582 4515 a
1600 4479 1639 4515 me
1653 4468 1695 4515 tua
1711 4479 1782 4516 causa
1833 4474 1839 4489 ⁶

170 4516 329 4612 Δθίῑαινίττρ
356 4540 488 4613 τελευτλν,
510 4543 542 4601 δι’
568 4546 633 4620 ἐμοῦ
658 4543 704 4620 μὲν
727 4544 792 4624 ὑπὲρ
815 4549 860 4603 σοῦ
880 4568 950 4624 γενο·
995 4557 1133 4618 comparata
1146 4559 1191 4605 est.
1224 4556 1351 4606 Rationem
1365 4557 1458 4615 autem,
1471 4568 1519 4618 qua
1536 4555 1560 4603 id
1576 4554 1686 4616 fecerim,
1708 4556 1727 4605 si
1744 4569 1783 4607 me

163 4604 259 4705 ΜΨ,
269 4626 299 4687 τδ
311 4628 333 4687 δ’
347 4627 439 4707 ὅπως,
454 4629 478 4689 εἴ
488 4654 522 4707 με
539 4632 703 4712 προσδέξαιο,
718 4638 841 4712 παροῦσα
852 4633 951 4710 διηγή-
996 4644 1127 4707 receperis,
1142 4657 1224 4693 coram
1235 4657 1365 4707 exponam,
1400 4648 1473 4693 Porro
1482 4645 1551 4701 scito,
1563 4656 1602 4692 me
1613 4642 1637 4692 in
1648 4642 1693 4692 bac
1705 4642 1783 4694 insula

125 4703 261 4817 „⁰⁰lffls.
303 4714 417 4778 Ἔπειτα
440 4719 546 4801 φράζω,
570 4723 638 4780 κατὰ
659 4721 735 4791 τάνδε
759 4744 793 4799 με
813 4722 868 4780 νυνί
883 4712 949 4781 εἶναι
995 4731 1782 4795 essedecimumjamdiem,aquodamprecdoneexeorumnu-

150 4804 211 4919 15st
224 4805 306 4876 ἱιἰίσον
321 4805 434 4879 δεκάτην
447 4807 499 4882 ἤδη
514 4809 612 4882 ταύτην
624 4810 735 4891 ἡμέραν,
747 4808 811 4890 πρός
824 4833 889 4879 τινος
898 4815 950 4871 τῶν
996 4835 1073 4883 mero,
1085 4822 1125 4884 qui
1139 4822 1177 4871 bic
1187 4823 1260 4884 sunt,
1277 4825 1373 4884 ruptam
1387 4820 1445 4882 :qui
1458 4833 1483 4869 se
1494 4819 1567 4870 etiam
1577 4821 1721 4884 armigerum
1732 4836 1784 4873 esse

143 4872 225 4999 ²⁴⁸¹
252 4895 357 4975 λῃστῶν
376 4895 500 4972 ἁλοῦσαν,
521 4898 547 4966 δς
565 4899 609 4958 καί
633 4899 801 4972 ὑπασπιστὴς
824 4891 890 4960 εἶναι
906 4907 951 4961 τοῦ
997 4911 1101 4974 preelecti
1109 4912 1225 4973 gloriatur
1233 4913 1258 4961 et
1267 4925 1307 4960 me
1318 4910 1456 4960 conclusam
1468 4909 1615 4971 detinet,ne
1624 4910 1783 4974 prospiciendi

137 4970 319 5091 33⁶³&pr
337 4983 493 5064 θρύπτεται,
512 4990 581 5065 κοίμέ
597 4990 774 5057 κατακλείσας
799 4989 868 5069 ἔχει,
887 4995 951 5069 μηδ’
997 5000 1094 5063 quidem
1113 5000 1152 5050 vei
1167 5003 1234 5051 extra
1250 5001 1312 5049 tores
1324 4999 1464 5055 facultatem
1478 4999 1628 5062 concedens,
1649 5000 1695 5050 hae
1713 5014 1783 5063 poena

134 5130 159 5169 ἶ
183 5066 221 5109 ⁰*
247 5070 381 5154 προκόψαι
400 5076 450 5132 τῶν
473 5081 556 5156 θυρῶν
577 5079 736 5157 ἐπιτρέπων,
751 5082 787 5147 ῶς
805 5079 852 5157 μέν
874 5081 953 5147 αὐτός
998 5089 1069 5149 mihi,
1086 5091 1112 5139 ut
1123 5088 1172 5151 ipse
1182 5089 1366 5153 dicil,propter
1377 5100 1559 5152 amorem,quo
1571 5102 1611 5138 me
1622 5089 1784 5151 prosequitur,

139 5144 226 5203 '³3⁰¹
244 5156 289 5217 διδ
301 5159 391 5241 φιλίαν
410 5160 457 5234 τὴν
471 5165 530 5243 περὶ
551 5165 608 5243 ἐμὲ,
626 5167 723 5238 ταύτην
741 5168 836 5237 ἐπιθείς
847 5168 895 5242 τὴν
908 5194 952 5228 τι-
999 5181 1023 5227 τί
1034 5178 1239 5240 quemadmodum
1255 5192 1298 5242 eqo
1308 5178 1445 5242 conjectura
1458 5177 1552 5242 assequi
1564 5191 1674 5242 ροαευιιι,
1689 5180 1785 5240 propter
