3726 5692
135 368 192 417 380
680 346 895 409 fluntouout
917 345 1226 405 AETHIOPICORUM

132 490 177 548 καὶ
194 486 345 567 ἐπιχρύσοις
363 490 416 551 τοῖς
435 485 523 548 ὅπλοις
541 481 572 540 τδ
592 479 680 538 πεδίον
699 478 920 558 καταστράπτων.

132 576 206 658 Ἄρτι
220 576 271 654 γάρ
287 573 436 651 ἀνίσχοντος
450 571 524 642 ἡλίου
539 568 585 626 καί
608 570 655 637 rip
668 568 759 626 ἀκτῖνα
774 565 843 626 κατά
855 565 920 646 πρύ-

133 688 219 724 σωπον
246 671 299 728 τοῖς
327 661 443 739 Πέρσαις
471 657 672 730 έπιύάλλοντος,
696 655 858 735 μαρμαρυγή
884 676 924 721 τις

133 755 264 832 ἄρραστος
285 750 330 807 καὶ
352 751 388 814 εἰς
411 746 470 812 τοίας
493 744 655 824 πορρωτάτω
676 744 862 822 διερριπίζετο,
876 746 923 813 τῆς

106 856 119 894 o
133 837 280 905 πανοπλίας
295 839 390 895 οἰκεῖον
403 835 480 900 σελας
492 831 715 909 ἀνταυγαζούσης.
758 831 798 891 To
814 830 861 909 μὲν
878 822 922 888 oio

134 928 215 996 δεξιὸν
235 926 312 1004 κέρας
327 927 399 1004 αὐτῷ
424 925 534 1002 Περσῶν
548 944 576 978 τε
591 921 636 978 καὶ
658 919 758 991 Μήδων
771 919 801 977 τδ
817 919 923 997 γνήσιον

135 1018 239 1095 ἐπεῖχε,
251 1019 302 1071 τῶν
314 1013 362 1089 μέν
377 1014 491 1070 ὁπλιτῶν
502 1008 668 1087 ἡγουμένων,
679 1010 731 1065 τῶν
742 1008 765 1065 δ’
776 1005 833 1064 ὅσοι
848 1004 921 1073 τοξό-

134 1128 178 1163 ται
206 1102 316 1160 κατόπιν
340 1098 523 1180 ἕρεπομένων,
548 1101 582 1164 ὡς
605 1097 636 1154 ἀν
662 1095 757 1172 γυμνοί
777 1094 924 1160 πανοπλίας

133 1191 216 1264 ὄντες,
227 1189 421 1269 ἀσφαλέστερον
434 1188 554 1265 βάλλοιεν
567 1184 618 1243 berb
629 1185 680 1249 τοῖς
690 1183 810 1250 ὁπλίταις
822 1205 923 1263 προσσ·

96 1303 119 1341 ιο
132 1281 276 1357 πιζόμενοι.
317 1275 374 1347 Τὴν
392 1277 414 1333 δ’
434 1275 586 1352 Αἰγυπτίων
601 1296 628 1331 τε
651 1271 697 1330 καί
721 1271 826 1331 Λιύύων
846 1275 924 1350 χεῖρα

134 1368 180 1427 καί
195 1368 242 1437 τὴν
268 1363 368 1435 ξενικὴν
384 1363 491 1422 άπασαν
522 1366 557 1430 εἷς
571 1361 600 1419 τδ
616 1359 751 1440 άριστερδν
766 1357 922 1435 κατένεμον,

134 1454 288 1520 ἀκοντιστὰς
307 1451 353 1511 καί
375 1451 473 1517 τούτοις
494 1454 539 1510 καὶ
556 1449 729 1530 σρενδονήτας
745 1448 924 1528 παραζεύξας,

135 1544 263 1624 ἐκθρομάς
281 1565 310 1600 τε
333 1542 464 1600 ποιεῖσθαι
479 1541 524 1600 καί
543 1538 725 1607 εἰσακοντίζειν
752 1539 781 1595 ἐκ
804 1536 924 1615 πλαγίων

135 1632 302 1712 ὁρμωμένους
316 1630 474 1694 ἐπιστείλας,
518 1629 601 1695 Αὐτὸς
611 1627 638 1686 δὲ
650 1627 679 1684 τὸ
695 1625 774 1702 μέσον
789 1625 924 1700 κατελάμ·

98 1742 121 1780 tu
137 1719 230 1791 ύανεν,
242 1717 360 1799 ἅρματός
370 1741 399 1775 τε
410 1717 608 1798 δρεπανηφόρου
622 1717 745 1792 λαμπροῦ
760 1712 925 1784 έπιόεθηκῶς

135 1809 180 1868 καὶ
193 1808 243 1866 ὑπὸ
259 1812 304 1879 τῆς
320 1805 480 1886 ἑκατέρωθεν
491 1806 624 1886 φάλαγγος
638 1805 673 1868 εἷς
689 1802 832 1883 ἀσφάλειαν
849 1804 925 1881 δορυ·
945 1810 948 1835 ¹

136 1896 309 1976 φορούμενος,
325 1894 385 1960 τούς
400 1893 600 1975 καταφράκτους
622 1888 718 1954 ἱππέας
733 1888 826 1964 μόνους
846 1892 924 1947 αὑτοῦ

136 1983 314 2063 προύταττεν,
330 1974 368 2050 οἷς
383 1983 414 2052 δὴ
436 1983 481 2040 καὶ
498 1981 578 2039 πλέον
602 1978 753 2058 θαρσήσας,
774 1977 820 2046 τὴν
837 1976 926 2055 μάχην

137 2074 316 2146 ἀπετόλμησε.
361 2068 416 2128 tint
436 2068 487 2148 γδιρ
506 2067 576 2125 ἔστιν
590 2065 633 2136 ἥδ’
658 2070 674 2135 ἡ
695 2063 796 2142 φάλαγξ
816 2067 925 2141 Περσῶν

96 2186 122 2222 ευ
137 2159 178 2216 ἀεὶ
193 2158 222 2216 τδ
234 2156 426 2237 μαχιμώτατον
441 2156 487 2214 καὶ
504 2155 580 2213 οἱονεὶ
595 2155 681 2233 τεῖχος
696 2150 805 2230 ἀρραγές
817 2157 861 2210 τοῦ
877 2173 924 2208 πο·

135 2247 216 2321 λέμου
232 2244 456 2323 προθαλλόμενον.

178 2333 237 2394 lE'.
260 2334 364 2412 Τρόπος
378 2335 401 2390 δ’
425 2334 511 2397 αὐτοῖς
531 2328 679 2397 πανοπλίας
692 2330 804 2389 τοιόσδε.
849 2328 926 2407 Ἀνὴρ

136 2423 252 2501 ἔκκριτος
272 2421 318 2479 καί
343 2420 464 2496 σώματος
487 2419 564 2498 ἰσχύν
591 2418 739 2491 ἐπίλεκτος,
762 2416 855 2497 κράνος
879 2415 925 2492 μέν

137 2511 280 2590 ὑπέρχεται
295 2509 410 2589 συμφυές
424 2532 452 2567 τε
476 2507 521 2565 καί
537 2506 683 2584 μονηλατον
697 2506 744 2564 καί
764 2505 822 2586 ὄψιν
837 2506 928 2585 ἀνδρὸς

96 2620 121 2655 ns
139 2602 174 2664 εἰς
203 2597 337 2677 ἀκρίόειαν
356 2595 446 2676 ῶσπερ
479 2594 512 2653 τά
545 2603 700 2674 προσωπεῖα
727 2593 924 2674 σεσορισμένον.

136 2685 230 2764 Τούτῳ
242 2684 265 2743 δ’
277 2687 307 2742 ἐκ
321 2689 434 2765 κορυρῆς
450 2686 484 2750 εἷς
498 2682 596 2761 αὐχένα
611 2682 699 2741 πάντα
713 2683 783 2753 πλὴν
804 2685 856 2740 τῶν
877 2685 925 2762 θρ-

137 2775 245 2848 θαλμῶν
260 2774 296 2839 εἰς
309 2772 339 2829 τὸ
361 2770 504 2830 διοπτεύειν
519 2770 693 2849 σκεπόμενος,
708 2772 755 2842 τὴν
780 2769 827 2847 μέν
843 2770 926 2838 δεξιάν

137 2864 220 2941 κοντῷ
236 2859 333 2936 μείζονι
358 2862 457 2938 λόγχης
480 2859 596 2932 ὁπλίζει,
611 2859 658 2931 τὴν
681 2859 759 2918 λαιδιν
783 2859 804 2918 δ’
826 2862 861 2926 εἷς
883 2859 926 2917 τδν

136 2949 246 3029 χαλινὸν
262 2951 383 3030 ἀσχολεῖ·
421 2949 517 3007 κοπίδα
528 2950 555 3007 δὲ
568 2948 619 3007 ὑπὸ
633 2947 681 3020 τὴν
696 2948 810 3029 πλευρόν
824 2971 927 3029 παρηρ·

97 3068 124 3107 30
138 3039 262 3116 τημένος,
275 3043 305 3099 οὐ
320 3039 354 3097 τά
365 3037 458 3119 στέρνα
482 3038 559 3114 μόνον
575 3036 644 3096 ἀλλά
658 3039 704 3097 καὶ
722 3042 800 3115 σῶμα
815 3037 845 3096 τδ
863 3037 929 3097 ἄλλο

138 3126 208 3185 όπσν
221 3128 420 3207 τεθωράκισται.
464 3125 595 3205 Ἐργσσία
610 3126 636 3183 δὲ
647 3131 692 3184 τοῦ
705 3125 822 3206 θώρακος
830 3127 927 3187 τοιάδε.

139 3218 278 3283 Σκυτάλοις
301 3218 405 3296 χαλκᾶς
429 3239 458 3273 τε
485 3215 531 3274 καί
552 3217 661 3294 σιδηρᾶς
683 3213 743 3274 ὅσον
767 3214 929 3292 σπιθαμαίας

42 3310 46 3317 ’
137 3305 263 3364 πάντοθεν
279 3308 314 3371 εἰς
328 3310 421 3384 σχῆμα
440 3304 603 3382 τετράγωνον
619 3303 760 3371 ἐλάσαντες
778 3303 824 3361 καὶ
845 3303 927 3374 άλλην

139 3393 180 3450 ἐπ’
193 3394 275 3464 ἀλλην
290 3395 348 3451 κατ’
365 3392 433 3471 άκρα
450 3394 502 3449 τῶν
514 3394 634 3469 πλευρῶν
649 3390 861 3469 ἐραρμόσαντες,
875 3392 929 3467 (ὡς

100 3484 171 3558 unffi
186 3480 323 3560 κατωτέρᾳ
338 3478 385 3550 τὴν
399 3478 589 3557 ὑπερκειμένην
603 3477 644 3536 ἀεὶ
658 3478 704 3536 καί
719 3483 751 3557 τῇ
766 3477 866 3559 πλαγίᾳ
881 3478 928 3550 τὴν

139 3568 337 3649 παρακειμένην
353 3566 462 3626 κατὰτὸ
484 3564 590 3646 συνεχές
604 3565 761 3643 ἐπιόαίνειν)
776 3564 822 3624 καὶ
836 3567 928 3646 ραραῖς

140 3657 189 3716 ὑπὸ
210 3657 256 3724 τδις
276 3654 424 3735 ἐπιπτυχὰς
438 3654 485 3726 τὴν
509 3653 665 3731 συμπλοκὴν
688 3651 927 3734 ἀγκιστρώσαντες,

138 3749 238 3825 χιτῶνα
261 3746 319 3803 τινὰ
341 3743 483 3825 φολιδωτὸν
506 3743 713 3824 ἀπεργάζονται,
728 3742 928 3824 προσπίπτοντα

140 3834 188 3911 μὲν
201 3834 309 3900 ἀλύπως
321 3837 360 3915 τῷ
376 3833 481 3910 σώματι
495 3834 541 3892 καί
555 3834 641 3913 πάντῃ
657 3834 863 3915 περιρυόμενον,
876 3857 928 3894 πε-

96 3945 124 3983 su
141 3922 298 4002 ριγράρσντα
319 3922 347 3980 δὲ
371 3922 448 3998 μέλος
464 3920 573 3982 ἕκαστον
596 3923 641 3981 καὶ
663 3922 727 4002 πρὸς
741 3921 771 3981 τθ
794 3922 929 3983 ἀκώλυτον

138 4014 184 4081 τῆς
208 4010 333 4081 κινήσεως
349 4011 556 4089 συστελλόμενόν
571 4034 598 4069 τε
623 4010 669 4070 καί
691 4010 926 4089 συνεκτεινόμενον.

137 4095 217 4158 Ἔστι
228 4098 279 4178 γθρ
293 4099 456 4178 χειρωδιτὸς,
469 4099 515 4158 ἀπ’
528 4099 634 4179 αὐχένος
646 4101 681 4167 είς
693 4099 754 4176 γόνυ
769 4099 928 4176 καθειμένος,

141 4187 228 4266 μόνοις
239 4187 291 4254 τοῖς
306 4196 397 4266 μηροῖς
413 4188 479 4247 καθὸ
490 4191 542 4247 τῶν
555 4188 669 4247 ἱππείων
682 4188 771 4247 νώτων
784 4188 928 4248 ἐπιύαίνειν

141 4274 243 4353 ἀνάγκη
263 4275 488 4354 διαστελλόμενος.
531 4275 565 4336 ‘0
587 4276 634 4353 μὲν
652 4277 683 4346 δὴ
698 4275 783 4356 θώραξ
798 4283 927 4351 τοιοῦτος,

100 4388 126 4427 σε
141 4363 278 4422 ἀντίτυπόν
305 4387 330 4422 τι
346 4366 429 4444 βελῶν
453 4368 548 4444 χρῆμα
573 4363 619 4422 καί
641 4364 705 4445 πρὸς
725 4374 816 4425 πᾶσαν
832 4367 928 4443 τρῶσεν

141 4452 357 4532 ἀπομαχόμενον.
400 4451 435 4513 Ἡ
449 4453 543 4531 κνημίς
561 4453 583 4511 δ’
602 4456 649 4510 ἀπ’
663 4452 750 4532 ἄκρων
768 4457 872 4533 ταρσῶν
893 4456 930 4521 είς

141 4541 201 4617 γόνυ
225 4541 327 4619 διήκει,
341 4540 508 4600 συνάπτουσα
530 4541 593 4622 πρὸς
614 4541 657 4600 τὸν
674 4542 789 4622 θώρακα,
834 4545 929 4622 [Ιαρα-

141 4629 242 4709 πλησίηι
258 4629 285 4688 δέ
307 4635 388 4711 σκευῇ
409 4630 455 4688 καὶ
472 4629 516 4689 τδν
530 4627 611 4688 ίππον
633 4630 856 4712 περιρράττουσι,
870 4631 929 4699 τούς

141 4738 169 4773 τε
185 4718 267 4784 πόδας
290 4719 400 4797 κνημῖσι
414 4717 574 4798 περιθέοντες
590 4720 635 4776 καί
649 4719 869 4799 προμετωπιδίοις
880 4719 928 4792 τὴν

102 4825 129 4865 so
142 4802 257 4881 κεραλὴν
273 4806 306 4862 δι’
318 4804 378 4864 ὅλου
392 4812 562 4886 σρηκοῦντες,
576 4807 605 4864 ἐκ
620 4805 708 4866 νώτων
718 4806 741 4865 τ’
754 4805 798 4865 ἐπί
812 4807 928 4889 γαστέρα

144 4890 203 4948 καθ’
215 4892 342 4972 ἑκατέραν
358 4894 483 4974 πλευράν,
495 4893 638 4971 σκέπασμα
653 4894 843 4975 σιδηρόπλοκον
853 4898 930 4955 duur·

143 4983 269 5057 ωροῦντες
284 4985 318 5044 ὡς
339 4982 452 5049 ὁπλίζειν
478 4982 500 5040 θ’
516 4981 573 5055 ἅμα
595 4982 640 5040 καί
657 4987 689 5062 τῇ
708 4984 868 5062 λαγσρότητι
892 4981 929 5059 μὴ

143 5067 291 5142 ἐμποδίζειν
314 5068 373 5135 τοὺς
397 5070 516 5149 δρόμους.
560 5071 652 5140 Ούτως
675 5072 863 5149 ἐσκευασμένος
885 5073 929 5132 καί

142 5145 196 5214 οἷον
221 5154 416 5234 ίμόεύλημένσς
433 5159 561 5217 έπιύαίνιι
586 5161 630 5218 τδν
656 5159 755 5235 ίππον,
781 5164 826 5221 οὐκ
854 5162 954 5230 αθτδςγ

967 480 1041 528 cruris
1053 493 1165 543 campum
1177 481 1294 542 tanquam
1307 478 1401 542 fulgure
1412 478 1518 542 quodem
1531 480 1662 530 illustrans.
1695 484 1759 532 Tum

968 582 1073 644 primum
1087 583 1152 630 euim
1169 581 1294 631 exoriente
1311 581 1363 630 sole
1372 586 1396 630 et
1408 581 1489 630 radios
1508 583 1532 630 in
1553 582 1667 632 adversos
1678 586 1794 633 Perus.

967 685 1124 746 conjiciente,
1137 684 1216 745 fulgor
1230 683 1329 746 quidem
1354 683 1482 733 inettabitis
1501 688 1526 734 et
1543 687 1671 748 proprium
1692 687 1837 749 jubar:

967 785 1082 847 grorioris
1100 786 1231 833 armeturee
1249 783 1422 847 resplendentis
1438 785 1510 834 etiem
1526 786 1604 835 ineos
1618 787 1660 848 qui
1674 786 1822 848 ronges-
1839 819 1848 831 .

968 885 1027 934 simo
1043 885 1144 934 aberant
1163 884 1343 948 projiciebatur.
1377 890 1410 935 Ασ
1433 885 1547 935 dextrum
1565 886 1666 950 quidem
1687 901 1855 943 corus-nn

970 989 1047 1034 Perseo
1062 989 1086 1035 ot
1097 986 1161 1035 Medi
1171 985 1288 1047 indigene}
1297 985 1426 1044 tenebant.
1438 988 1517 1047 proris
1529 990 1661 1037 armature
1675 988 1754 1037 mititi-
1794 995 1860 1043 Ξ·

969 1085 1014 1133 bus
1026 1086 1228 1148 precedentibus,
1240 1086 1367 1150 sagittariis
1382 1087 1464 1135 autem
1484 1100 1498 1135 e
1513 1089 1579 1149 tergo
1592 1088 1814 1150 subsequendi
1830 1096 1853 1145 .·i

970 1186 1030 1246 bus,
1049 1190 1077 1236 ut
1093 1201 1150 1238 curo
1164 1188 1274 1250 grauiore
1298 1189 1421 1237 armatura
1440 1190 1551 1238 carerent
1571 1190 1649 1238 tutius
1661 1189 1720 1251 jaou
1734 1215 1752 1230 o

970 1292 1065 1351 possent
1084 1293 1231 1339 armatorum
1247 1290 1357 1360 presidio
1368 1290 1436 1340 teeti.
1471 1294 1546 1340 Porro
1558 1292 1728 1354 AEgyptioruru
1738 1306 1835 1344 Β.
1848 1320 1863 1338 -r

970 1383 1082 1432 dirorum
1095 1397 1194 1433 manum
1211 1387 1235 1433 et
1245 1384 1395 1447 peregrinam
1404 1397 1502 1433 omnem
1513 1385 1536 1433 in
1547 1385 1645 1436 sinistro
1658 1388 1861 1443 sotiorum.

970 1479 1013 1538 rit,
1022 1478 1152 1540 sagittariis
1160 1480 1185 1528 et
1195 1478 1364 1528 fundatoribus
1375 1479 1412 1528 bis
1424 1492 1520 1542 quoque
1532 1480 1666 1543 adjunctis,
1678 1482 1859 1545 quibat-m

970 1577 998 1624 ut
1007 1575 1162 1624 excursiones
1172 1573 1278 1623 facerent
1287 1577 1313 1623 et
1329 1587 1343 1622 o
1358 1573 1472 1624 lateribus
1493 1576 1556 1625 tacto
1569 1577 1661 1639 impetu
1673 1578 1854 1639 jocetur.

973 1675 1067 1734 rentur,
1083 1670 1219 1733 imperarit.
1260 1674 1314 1733 ipse
1335 1684 1393 1721 vero
1418 1672 1522 1722 mediam
1546 1673 1624 1723 eciem
1650 1676 1849 1746 romeon—r,

970 1781 1042 1817 curru
1059 1766 1146 1816 sulcato
1157 1765 1281 1835 splendide
1293 1765 1397 1817 insidens
1411 1770 1435 1815 et
1446 1766 1478 1816 ab
1492 1769 1598 1829 intraque
1607 1773 1677 1832 perte
1692 1771 1797 1820 outt—
1823 1790 1845 1826 σ

970 1864 1025 1910 catu
1034 1860 1150 1923 phalange
1163 1860 1301 1909 securitatis
1310 1873 1382 1908 ceusu
1391 1861 1506 1923 stipatus,
1521 1862 1684 1924 cataphractis
1696 1869 1841 1928 equ-i·

971 1956 1035 2005 tibus
1050 1958 1144 2004 tantum
1157 1957 1214 2003 oute
1227 1967 1253 2003 se
1265 1952 1388 2005 instructis
1401 1969 1407 2002 :
1418 1954 1508 2017 quibus
1523 1957 1649 2019 precipue
1662 1958 1839 2014 οουθιι-αυ

972 2054 1083 2117 proeiium
1096 2055 1247 2105 committere
1254 2066 1327 2103 ausus
1338 2056 1383 2103 est.
1416 2052 1540 2117 siquidem
1549 2060 1585 2103 est
1596 2055 1651 2105 buo
1660 2056 1833 2120 pheta-:u

972 2149 1150 2199 bellicosissima
1162 2152 1186 2199 et
1202 2153 1318 2212 tanquam
1335 2162 1420 2200 morus
1434 2149 1492 2199 betti
1507 2151 1627 2201 intractus
1640 2156 1699 2204 suto
1710 2166 1736 2204 re
1747 2154 1831 2205 Ξῖ·

974 2256 1050 2304 quum
1063 2243 1195 2294 exercitum
1207 2245 1329 2306 objicitur.

1004 2344 1057 2390 xv.
1075 2343 1211 2391 Armaturae
1227 2345 1308 2392 aute'm
1323 2342 1383 2392 ratio
1399 2342 1457 2405 ipsis
1466 2342 1522 2392 talis
1532 2347 1578 2395 est.
1613 2348 1657 2395 vir
1676 2346 1831 2402 nce-s.

972 2440 997 2488 et
1008 2438 1094 2488 robore
1107 2439 1215 2501 corporis
1227 2444 1359 2502 praestsos,
1373 2441 1466 2503 guisum
1475 2443 1549 2491 sumit
1563 2443 1726 2496 ootraereutem
1808 2444 1829 2491 tt

972 2542 1138 2603 compactam,
1149 2551 1179 2589 se
1191 2539 1275 2590 taciem
1292 2541 1337 2589 viri
1347 2544 1432 2591 exacte
1443 2554 1492 2592 uon
1506 2555 1577 2593 secus
1587 2547 1661 2608 etque
1677 2546 1701 2595 iu
1713 2554 1831 2610 pnt-

972 2636 1036 2685 sonis
1052 2636 1133 2687 ridere
1153 2639 1202 2699 est,
1223 2637 1405 2701 exprimentem
1438 2642 1490 2690 tiso
1504 2656 1520 2690 a
1534 2643 1626 2693 vertice
1640 2658 1718 2708 usque
1805 2636 1829 2685 εί

973 2738 1062 2787 cottum
1078 2742 1175 2800 totum,
1196 2744 1284 2802 praeter
1302 2741 1387 2791 ocutos
1400 2744 1571 2806 trouspicieudi
1585 2759 1660 2797 censs
1672 2750 1833 2800 retem,

973 2837 1083 2887 dextram
1097 2838 1197 2902 quidem
1207 2842 1285 2890 urmst
1298 2845 1370 2891 conto
1383 2842 1469 2905 majori
1480 2857 1555 2907 quom
1571 2846 1657 2910 hosta,
1671 2844 1833 2900 duis-'‘¹'‘

973 2940 1054 2986 nutem
1068 2939 1177 3000 regendis
1197 2938 1297 2989 iubenis
1309 2943 1392 3002 ronst,
1411 2942 1491 3004 gladio
1509 2957 1569 2995 vero
1583 2947 1615 2997 nd
1631 2948 1699 2999 totus
1713 2951 1832 2999 ε-Β·

974 3052 1061 3102 penso,
1076 3052 1126 3089 non
1140 3043 1235 3090 tuntum
1249 3044 1333 3103 pectus
1347 3042 1388 3092 sed
1404 3045 1477 3094 etism
1488 3048 1570 3096 totum
1586 3063 1676 3113 corpus
1690 3042 1829 3101 inoffa

974 3142 1094 3191 munitum
1114 3141 1195 3193 hebet.
1228 3144 1313 3193 Lorics
1335 3146 1417 3195 eutem
1438 3146 1472 3196 ita
1489 3149 1627 3201 conficitur.
1661 3142 1830 3203 mue-Ji

972 3244 1046 3291 mucis
1062 3246 1088 3292 et
1110 3244 1206 3305 terreis,
1228 3246 1394 3309 quadrangula
1414 3248 1491 3298 forme
1512 3252 1679 3315 maguitudino
1691 3254 1735 3319 pst
1802 3244 1827 3293 ‘¹¹¹'

973 3340 1145 3403 ductis,utism
1153 3356 1225 3407 super
1234 3346 1305 3395 etiam
1317 3347 1348 3395 ed
1360 3349 1526 3401 extremitates
1535 3351 1638 3402 laterum
1646 3358 1752 3418 sptem,
1785 3355 1824 3400 41ι

975 3443 1018 3502 (ut
1027 3443 1134 3493 interiori
1144 3448 1211 3507 porte
1220 3446 1353 3508 subtectam
1362 3449 1557 3513 superimposito,
1567 3453 1593 3503 iu
1602 3455 1825 3507 θεύσεται-Ιι

974 3545 1055 3594 numm
1069 3558 1186 3596 conversa
1199 3547 1336 3610 proximum
1347 3562 1441 3613 semper
1449 3552 1564 3602 contiuua
1575 3554 1638 3605 serie
1648 3555 1824 3607 cousoffl'

973 3644 1047 3708 dunt)
1057 3648 1083 3697 et
1100 3648 1191 3698 suturis
1204 3648 1287 3698 subter
1298 3651 1468 3703 commissuras
1485 3657 1611 3706 texturam
1624 3656 1825 3710 mooted

974 3751 1026 3811 tes,
1036 3749 1144 3800 tunicum
1156 3752 1278 3814 quandem
1287 3757 1438 3816 squamatum
1447 3757 1570 3818 etticiuut,
1587 3774 1643 3823 quae
1655 3746 1827 3814 socrui·

974 3850 1084 3900 molestia
1095 3852 1189 3913 corpori
1201 3852 1318 3903 incumbit
1329 3857 1353 3904 et
1365 3856 1519 3921 undiquaque
1528 3859 1681 3913 adtraercscit
1713 3844 1828 3914 (Εἶθ’

974 3952 1113 4002 cumscribit
1122 3956 1203 4002 eutem
1214 3956 1405 4021 unumquodque
1415 3960 1552 4010 membrum
1565 3967 1591 4012 et
1603 3966 1656 4016 siue
1665 3948 1713 4016 utto
1720 3946 1832 4016 βω

974 4052 1566 4116 ροόίωοιιεοἱυωοίυσοοίτείιίῑιιιειειιειιθίειετ.
1594 4054 1836 4117 ttsteuimffl'

973 4154 1061 4216 niceta,
1073 4156 1341 4221 scottousqueadgenu
1351 4158 1463 4221 demisso,
1474 4160 1562 4212 insutis
1571 4152 1841 4231 femoribus&

974 4256 1041 4317 parte
1055 4260 1148 4317 tergum
1162 4257 1218 4320 equi
1232 4258 1411 4319 conscenditur,
1422 4261 1564 4313 necessitate
1577 4264 1612 4315 its
1620 4242 1844 4330 posffl

973 4355 1097 4406 discincta.
1130 4358 1216 4406 Lorico
1228 4358 1301 4420 igitur
1316 4360 1432 4422 metetis,
1445 4361 1493 4411 teis
1507 4364 1640 4416 retundens
1656 4370 1746 4419 stom
1759 4339 1845 4407 d

973 4457 1065 4519 generis
1079 4457 1168 4507 ictibus
1183 4459 1299 4507 resistens.
1333 4462 1411 4509 ocrea
1428 4473 1487 4510 vero
1501 4474 1517 4511 ε
1530 4475 1627 4515 summa
1639 4468 1721 4529 plaute
1824 4432 1848 4487 d

974 4575 1034 4623 genu
1047 4562 1174 4624 pertingit,
1184 4564 1294 4612 conserta
1305 4575 1361 4612 cunr
1373 4562 1454 4612 rorico
1488 4567 1615 4619 consimili
1628 4574 1711 4624 autem
1724 4552 1847 4622 0⁶¹*

975 4665 1059 4724 paratu
1075 4665 1100 4713 et
1113 4675 1203 4727 σηιιυιιι
1219 4664 1345 4725 muniunt,
1365 4663 1437 4728 pedes
1462 4668 1540 4719 ocreis
1557 4654 1845 4739 eiroumiiguutd¹

974 4768 999 4814 et
1018 4765 1159 4815 frontalibus
1173 4771 1247 4830 ceput
1259 4782 1356 4831 prorsus
1367 4774 1517 4836 operientes,
1534 4788 1549 4824 a
1562 4779 1632 4840 tergo
1651 4790 1723 4839 reso,
1823 4739 1844 4793 ’ί

975 4870 1084 4917 reutrem
1095 4869 1160 4918 circa
1178 4871 1310 4933 utrumque
1328 4870 1391 4923 tatus
1403 4876 1553 4938 tegmentum
1565 4877 1652 4927 terreis
1666 4854 1848 4930 affl

975 4971 1086 5018 constans
1094 4969 1280 5033 suspendentes,
1293 4973 1321 5021 ut
1330 4972 1402 5023 simut
1416 4976 1532 5026 etormet
1546 4979 1571 5027 et
1584 4958 1845 5043 popurus

975 5072 1072 5131 ceptum
1094 5083 1198 5120 νεουιιαι
1212 5072 1316 5134 spatium
1329 5086 1429 5126 cursum
1449 5077 1550 5129 minime
1567 5079 1694 5144 impediet.
1725 5046 1843 5133 ff

974 5173 1109 5224 instructus
1120 5177 1145 5225 et
1159 5177 1227 5239 qussi
1243 5177 1268 5226 iu
1286 5181 1435 5231 armaturam
1456 5181 1575 5249 iniectus,
1588 5186 1677 5241 usust
1687 5167 1847 5256 Μ’
