3726 5692
159 341 217 392 268
699 323 909 382 HELlODOBI
931 322 1240 382 AETlllOPlCORUM

157 460 247 539 θήραις
261 458 393 518 τὰπολλὰ
407 457 531 536 σχολάζει
545 478 590 512 και
613 456 691 513 ἀσκεῖ
708 453 819 526 τοξείαν.
864 452 943 529 Ἐμοὶ
962 482 965 513 ι
989 458 1111 520 praebens,
1134 457 1301 506 venationibus
1325 456 1496 519 utplurimum
1515 458 1585 504 vacat

157 547 179 605 δ’
192 547 260 605 ἐστίν
276 546 354 624 ὁβίσς
367 545 496 624 ἀφόρητος
511 542 649 601 ἐλπίσαντι
663 541 710 619 μὲν
727 543 839 622 ἀδελφῆς
853 542 942 617 ἔμαυ-
989 551 1066 597 artem
1079 549 1183 595 exercet.
1219 546 1276 595 illibi
1299 559 1357 594 vero
1370 546 1418 605 jam
1430 546 1469 594 vel
1486 545 1536 593 rita
1560 546 1584 605 ip

155 641 201 692 τοῦ
213 634 288 690 παιδὶ
297 633 395 704 ταύτην
407 631 528 689 ἐκδώσειν
543 631 588 690 καί
599 629 671 707 μάλα
681 633 706 705 γ’
722 630 818 708 ἀστείῳ
833 630 878 687 καὶ
892 652 942 708 χα-
989 637 1031 697 qul
1045 632 1171 697 sperarim,
1184 648 1224 682 me
1244 634 1319 696 ipsam
1331 634 1411 696 nepoti
1426 647 1481 682 meo
1493 648 1522 681 ear
1532 646 1585 681 soro

159 722 237 801 ρίεντι
250 721 326 797 λόγον
343 744 371 778 τε
393 719 438 777 καί
452 711 513 791 ήθσς
527 719 673 799 νεανίσκῳ,
690 717 899 797 ἀποτυγχάνοντι
914 718 941 776 δὲ
963 758 966 777 ,
990 736 1099 783 uxorem,
1114 736 1172 771 sane
1183 722 1276 770 urbano
1296 725 1320 770 et
1338 735 1433 770 morum
1447 735 1476 769 ac
1490 734 1585 770 sermon

130 810 200 868 σδιθ
213 807 260 879 τήν
272 807 368 879 ταύτης
382 808 471 878 ἀπηνῆ
484 806 580 885 κρίσιν.
622 805 692 867 Ούτε
706 806 758 888 γὰρ
779 805 942 885 θεραπεύων,
963 786 967 874 ί
989 813 1054 861 tione
1069 811 1172 872 gratioso
1193 810 1349 870 adolescenll3
1369 810 1410 858 sed
1432 810 1536 869 frustra,
1560 823 1585 872 pr

157 896 213 956 οὔτ’
226 896 464 974 ἐπαγγελλόμενος,
476 894 536 953 οὔτε
546 893 687 972 λογισμοὺς
700 897 839 971 ἀνακινῶν,
854 894 943 951 πεῖσαι
964 878 967 931 ί
989 900 1042 962 eius
1056 899 1192 948 consilinm.
1226 901 1348 947 Hactenus
1360 899 1424 947 enim
1436 911 1481 946 nec
1492 897 1585 946 obaern

157 983 317 1060 δεδύνημαι·
334 983 417 1055 ἀλλὰ,
432 982 462 1040 τὸ
475 982 676 1061 χαλεπώτατον,
690 991 742 1049 τοῖς
756 984 826 1057 ἀμοῖς
841 980 944 1059 (τὸτοῦ
991 987 1170 1048 licitationibus,
1185 1000 1230 1036 nec
1251 987 1399 1049 argumentis
1417 986 1473 1035 ullis
1492 987 1524 1035 illi
1542 1000 1585 1049 per

157 1073 255 1150 λόγου)
272 1075 406 1146 κατ’ἐμυῢ
425 1069 555 1149 κέχρηται
568 1080 671 1150 πτεροῖς
693 1070 738 1128 καὶ
756 1068 804 1141 τὴν
819 1071 849 1128 ἐκ
860 1069 945 1147 λόγοιν
990 1076 1045 1138 Sed,
1055 1075 1120 1139 quod
1132 1076 1430 1137 migravissimummeis,
1443 1078 1471 1124 nt
1481 1074 1579 1136 dicitur,

157 1161 338 1239 πολυπειρίαν,
350 1159 382 1230 ἣν
400 1160 522 1230 ποικίλην
532 1159 690 1235 ἐδιδαξάμην
703 1158 768 1238 πρὸς
779 1156 944 1228 κατασκευὴν
990 1165 1121 1228 turpennis
1127 1168 1153 1214 et
1161 1165 1317 1226 multiplicem
1329 1165 1354 1212 in
1362 1164 1463 1213 dicendo
1478 1165 1585 1226 experien

120 1262 144 1302 1⁰
157 1254 201 1308 τοῦ
210 1248 254 1306 τὸν
261 1248 365 1327 ἄριστον
373 1251 487 1326 ᾑρῆσθαι
497 1246 564 1325 βίον,
572 1247 770 1307 ἐπανατείνεται
778 1247 945 1314 interitura
991 1256 1110 1315 paralum,
1120 1252 1151 1301 ad
1161 1253 1185 1302 id
1195 1252 1419 1314 demonstrandum,
1429 1251 1494 1314 quod
1505 1253 1585 1314 optimi

159 1337 207 1414 μὲν
233 1335 377 1416 παρθενίαν
411 1335 456 1394 καλ
479 1333 556 1413 ίγγθς
585 1335 721 1394 ἀθανάτων
747 1335 943 1416 ἀποφαίνουσα,
965 1332 968 1380 ί
991 1342 1114 1403 delegerit,
1126 1341 1228 1401 confert,
1245 1341 1333 1390 divinis
1348 1341 1459 1390 laudibus
1467 1341 1585 1402 virginital

160 1426 291 1503 ἄχραντον
306 1424 352 1482 καί
375 1422 506 1503 ἀκήρατον
530 1424 575 1482 καί
596 1425 751 1505 ἀδιάφθορον
769 1423 945 1501 δνομάζουσα,
991 1443 1065 1492 prope
1076 1430 1134 1479 deos
1149 1430 1297 1479 immortales
1311 1430 1440 1490 collocans,
1456 1430 1585 1479 immacula

159 1509 269 1592 Ἔρωτα
284 1512 311 1571 δὲ
323 1512 369 1571 καί
381 1512 533 1594 Ἀφροδίτην
547 1512 593 1571 καί
614 1512 701 1570 πάντα
713 1511 843 1590 γαμήλιον
858 1512 945 1572 θίασον
991 1522 1041 1568 tam
1059 1521 1083 1568 et
1099 1519 1262 1581 incorruptam
1277 1519 1412 1581 appellans,
1432 1525 1532 1569 Amores
1548 1533 1585 1568 ver

159 1600 414 1680 ἀποσκορακίζουσα.
458 1599 529 1680 Πρὸς
552 1605 637 1659 ταῦτα
651 1599 683 1670 δή
696 1600 725 1660 σὲ
742 1602 835 1681 βοηθὸν
852 1603 946 1658 ίπικα-
991 1611 1016 1657 et
1029 1620 1127 1656 ornnem
1149 1609 1279 1669 nuptialem
1301 1620 1415 1669 pompam
1429 1620 1458 1656 ac
1476 1608 1585 1657 caerimor

121 1696 144 1737 ¹⁶
159 1691 256 1766 λοῦμαι
270 1688 316 1746 καί
336 1687 378 1746 διὰ
402 1693 478 1747 τοῦτο
499 1694 592 1768 καιροῦ
606 1689 751 1764 λαθόμενος
769 1691 814 1749 καί
828 1692 947 1768 ἀφορμῆς
992 1696 1038 1744 bac
1050 1709 1076 1745 re
1089 1698 1118 1744 nt
1131 1695 1192 1744 milri
1209 1696 1241 1744 als
1255 1696 1345 1744 arrailio
1360 1699 1384 1745 te
1398 1697 1501 1758 imploro
1521 1700 1546 1746 et
1557 1711 1585 1759 pr

158 1781 204 1848 τῆς
216 1779 245 1835 ἐκ
263 1776 430 1851 ταύτομάτου
448 1779 503 1843 πῶς
521 1777 681 1851 ἔνδοθείσης,
700 1777 861 1857 μακροτέρου
883 1777 947 1856 πρός
992 1783 1149 1841 occasionem,
1162 1796 1218 1845 qnae
1236 1784 1341 1832 scultro
1362 1784 1542 1846 quodammodo
1556 1785 1585 1833 ob

159 1869 249 1923 τετοῦ
266 1863 429 1945 διηγήματος
447 1864 555 1937 ἐδεήθην
565 1866 610 1924 καὶ
621 1867 664 1933 δὸς
675 1865 723 1937 τὴν
739 1866 826 1945 χάριν,
839 1855 860 1924 ὦ
875 1864 947 1941 ’γαθέ
993 1870 1128 1919 narratione
1143 1870 1207 1932 apud
1225 1873 1250 1919 te
1267 1871 1401 1919 necessario
1420 1885 1473 1920 sum
1487 1885 1554 1921 usus.

160 1954 305 2032 Καλάσιρι.
349 1953 449 2034 Σοφίαν
464 1952 522 2010 τινὰ
542 1954 588 2012 καὶ
602 1954 681 2032 ίϋγγα
694 1955 800 2026 κίνησον
810 1957 851 2012 ἐπ’
866 1953 947 2023 αὐτὴν
992 1959 1092 2020 gratiam
1105 1958 1176 2018 banc,
1192 1959 1255 2007 bone
1275 1959 1392 2008 calasiri:
1407 1960 1548 2021 sapientiam
1565 1962 1585 2010 al

162 2041 325 2120 Αἰγυπτίαν·
340 2049 430 2099 πεῖσον
442 2040 459 2111 ἢ
472 2041 586 2118 λύγοιςή
600 2042 682 2122 ἔργοις
700 2043 827 2122 γνωρίσαι
844 2040 892 2112 τὴν
902 2045 948 2098 αθ-
993 2047 1153 2096 cantationem
1174 2048 1336 2109 Egyptiacam
1349 2046 1456 2097 adhibe:
1478 2049 1585 2110 persuade

120 2144 147 2181 ευ
160 2134 206 2199 τῆς
227 2128 304 2208 φύσιν
321 2130 366 2186 καὶ
381 2127 420 2186 ὅτι
438 2129 503 2205 γυνθΙ
525 2129 629 2208 γέγονεν
642 2130 748 2191 εἰδέναι.
792 2129 948 2211 Βόυλομένῳ
993 2138 1036 2184 aut
1054 2135 1132 2195 lactis,
1145 2136 1173 2183 nt
1187 2138 1297 2185 naturam
1316 2149 1385 2184 suam
1405 2141 1518 2198 agnoscat
1537 2140 1585 2201 etq

161 2217 189 2275 δέ
214 2239 254 2274 σοι
282 2216 312 2274 τὸ
339 2225 451 2296 πρᾶγμα
484 2215 579 2298 ῥοίδιον,
605 2217 663 2277 οὔτε
695 2219 746 2298 γάρ
772 2219 949 2299 ἀπρόσμικτος
993 2226 1050 2273 nata
1062 2223 1202 2286 perpendat.
1235 2224 1314 2273 Facile
1329 2227 1411 2274 autern
1428 2225 1453 2274 id
1469 2227 1584 2287 negotlun

161 2304 245 2373 ἐκείνη
258 2303 323 2384 πρὸς
336 2303 397 2370 τοὺς
414 2305 504 2380 λόγους
517 2311 569 2364 τῶν
587 2308 686 2387 ἀνδρῶν
700 2305 769 2365 ἀλλὰ
784 2307 948 2366 τδπλεῖστον
995 2312 1036 2372 ris,
1051 2312 1194 2361 sirolueris.
1228 2314 1387 2375 lteqneenim
1400 2314 1585 2365 illaablrorret.¹

161 2390 261 2458 τούτοις
273 2390 410 2468 συνόμιλας
422 2395 649 2473 ίπαρθενεύθηκαὶ
662 2396 762 2467 οίκησιν
777 2397 842 2454 οἰκεῖ
854 2419 894 2453 σοι
902 2395 949 2466 τήν
995 2414 1077 2450 rorum
1086 2400 1127 2450 sed
1139 2404 1167 2450 ut
1182 2401 1314 2463 plurimum
1328 2415 1384 2451 cum
1399 2403 1447 2452 illis
1461 2417 1585 2454 converser

162 2479 244 2550 αὐτήν
260 2483 383 2556 ἐνταῦθα,
395 2480 474 2553 ίντὸς,
489 2482 558 2561 φημί
572 2488 618 2540 τοῦ
630 2483 770 2562 περιόολσυ
782 2483 826 2541 καὶ
836 2483 895 2562 περὶ
905 2483 948 2541 τὸν
993 2492 1018 2538 et
1032 2488 1124 2538 habitat
1139 2489 1173 2537 ibi
1189 2492 1269 2539 tecum
1284 2490 1309 2538 in
1321 2491 1405 2540 eodem
1423 2491 1552 2550 domicilio,
1571 2494 1585 2542 b

121 2585 146 2623 aa
162 2565 237 2626 νεών.
281 2565 383 2637 Ἱκέτην
399 2591 431 2642 με
442 2569 594 2645 γιγνόμενον
610 2568 647 2646 μὴ
662 2571 790 2650 περιίδῃς,
806 2570 872 2648 μηδὲ
884 2595 948 2649 συγ·
994 2577 1095 2626 circuitu
1112 2581 1137 2627 et
1155 2579 1180 2626 in
1201 2578 1293 2627 ambitu
1310 2581 1400 2642 templi.
1433 2584 1468 2630 lte
1483 2595 1532 2640 me,
1543 2583 1585 2644 qui

161 2654 287 2735 χωρήσης
299 2655 400 2714 σ’ίπαιδα
410 2656 455 2714 καὶ
468 2657 676 2736 ἀπαραμύθητον
689 2658 735 2718 καί
745 2658 874 2739 διαδόχων
888 2659 949 2737 ἔρη-
994 2666 1058 2728 plen,
1069 2666 1194 2728 despicias,
1208 2681 1287 2729 neque
1300 2669 1396 2730 patiaris
1410 2670 1462 2718 eine
1476 2669 1556 2719 liberis
1571 2686 1584 2720 e

162 2767 210 2820 μον
224 2745 251 2801 ἐν
265 2743 335 2823 γήρα
362 2748 438 2823 βαρεῖ
459 2746 609 2824 διαγαγεῖν·
633 2743 671 2822 μή
698 2745 762 2824 πρὸς
789 2745 950 2811 ’Λπόλλωνος
995 2754 1047 2802 slne
1068 2754 1248 2803 successoribus
1263 2755 1287 2803 in
1301 2757 1367 2817 gravi
1385 2761 1511 2807 senectule
1531 2762 1585 2808 atat

99 2859 101 2864 ·
162 2834 241 2890 αὐτοῦ
260 2832 304 2888 καὶ
325 2834 377 2889 τῶν
392 2833 527 2912 ἐγχωρίων
542 2856 584 2891 σοι
606 2836 680 2892 θεῶν.
723 2832 874 2914 Ἐδάκρυσα
892 2832 949 2892 τού·
995 2841 1128 2903 apollinem
1145 2843 1223 2905 ipsum
1235 2846 1317 2891 oratus
1329 2846 1354 2892 et
1370 2843 1429 2893 deos
1440 2846 1495 2893 tuos
1509 2846 1585 2907 patrio

161 2941 214 2976 των
228 2917 340 2990 ἀκούων,
353 2907 375 2976 ὦ
392 2920 519 2997 Κνήμων,
535 2920 625 2992 ἐπειδὴ
636 2922 755 2987 κάκεῖνος
774 2924 821 2980 οὐκ
836 2922 947 3003 ἀδάκρυ·
995 2928 1019 2978 τί
1034 2929 1071 2979 bis
1080 2929 1177 2990 audilis,
1189 2931 1222 2979 mi
1240 2934 1356 2992 (ineman,
1370 2932 1484 2993 quoniam
1501 2935 1525 2981 et
1537 2933 1576 2981 ille

20 3056 24 3063 .
122 3023 149 3061 no
162 3028 207 3064 τον
216 3004 264 3076 τήν
278 3007 380 3065 ἱκεσίαν
388 3012 504 3089 προσῆγε
516 3008 562 3067 καλ
573 3009 785 3087 ἐπηγγελλόμην,
799 3009 855 3070 είτι
864 3011 950 3069 δυναί·
995 3019 1041 3067 nais
1058 3031 1140 3081 preces
1155 3019 1274 3081 supplices
1293 3020 1409 3069 allerebat
1422 3023 1447 3070 et
1460 3019 1585 3082 promillel

163 3117 225 3169 μην,
238 3095 428 3176 συλλήψεσθαι.
687 3111 690 3118 ’
995 3120 1039 3168 pro
1049 3107 1111 3154 virili
1127 3106 1276 3167 adiuturum.

202 3182 271 3242 nb',
287 3184 341 3243 Καὶ
367 3183 405 3243 ἔτι
419 3184 480 3266 περί
501 3186 599 3246 τούτων
614 3188 843 3265 διασκοπουμένων
861 3191 948 3267 ήμῶν,
1027 3202 1138 3249 Xxlllv.
1167 3200 1253 3249 Adlrnc
1270 3201 1340 3250 nobis
1359 3201 1423 3251 hisce
1439 3202 1470 3251 de
1495 3202 1566 3252 rebus

163 3271 311 3351 είσδραμών
326 3296 364 3340 τις
379 3275 524 3352 ἀπήγγειλε
538 3275 582 3334 τὸν
607 3275 766 3356 ἀρχεθέωρον
779 3280 831 3335 τῶν
846 3278 950 3338 atvero·
996 3287 1121 3336 incurrens
1133 3288 1232 3350 quidam
1245 3290 1381 3350 nuntiabat,
1405 3291 1545 3353 preelectum
1564 3292 1585 3340 le

162 3381 213 3414 νων
238 3358 280 3416 ἐπὶ
302 3360 390 3439 θύραις
408 3360 470 3418 ὄντα
488 3362 573 3419 πάλαι
593 3362 705 3442 διοχλεῖν
725 3362 770 3422 καί
786 3368 949 3444 παρακαλεῖν
996 3388 1054 3424 nnrn
1063 3388 1107 3437 pro
1119 3376 1210 3426 loribus
1222 3377 1304 3427 adesse
1313 3380 1336 3427 el
1349 3378 1400 3440 jam
1415 3379 1507 3441 pridem
1517 3392 1585 3429 esses

122 3462 148 3501 aa
164 3445 207 3503 τὸν
225 3445 296 3524 ίερέα
315 3448 438 3526 παρεῖναι
456 3446 501 3504 καί
517 3448 659 3527 κατάρχειν
674 3454 725 3508 τῶν
737 3453 823 3530 ίερῶν.
865 3450 950 3530 Ἔμοῢ
996 3477 1077 3527 reque,
1096 3467 1123 3514 nt
1135 3465 1246 3515 sacerdos
1258 3466 1319 3516 adsit
1334 3471 1358 3517 et
1368 3482 1418 3517 rem
1430 3481 1523 3517 sacram
1538 3469 1585 3518 inei

164 3534 187 3589 δ’
199 3533 323 3613 ἐρομένου
340 3534 384 3591 τὸν
402 3534 555 3612 Χαρικλέα,
571 3536 637 3603 τίνες
655 3540 679 3595 σί
694 3542 841 3611 Αίνειᾶνες,
853 3540 898 3599 καί
912 3541 951 3609 τίς
996 3553 1156 3615 interrogante
1172 3554 1318 3616 chariclem,
1330 3556 1373 3618 qui
1390 3561 1470 3606 essent
1486 3558 1585 3607 AEniane

163 3625 180 3691 ἡ
193 3619 287 3701 θεωρία
300 3621 345 3679 καὶ
362 3621 394 3693 ήν
407 3622 500 3699 ἄγουσι
513 3623 613 3697 θυσίαν,
634 3628 656 3683 ol
672 3625 719 3702 μὲν
732 3630 874 3699 Αίνειᾶνες,
889 3628 949 3709 ἔφη,
996 3640 1048 3690 baec
1057 3654 1125 3691 sacra
1139 3642 1225 3705 legatio
1237 3648 1261 3694 et
1276 3644 1341 3706 quod
1353 3645 1498 3694 sacrificinm
1521 3646 1585 3695 celeb

164 3710 330 3780 θετταλῑχῆς
351 3712 405 3768 ἔστί
422 3711 515 3790 μοίρας
535 3712 565 3771 τὸ
580 3714 761 3791 repertorem
777 3716 823 3776 καί
836 3718 951 3798 &apteras
995 3749 1046 3796 σεε,
1053 3735 1143 3800 lnquit,
1153 3738 1296 3788 Tlressallcae
1308 3739 1384 3800 gentis
1398 3743 1435 3789 est
1446 3740 1585 3790 nobilissima

164 3794 329 3873 Ἑλληνικὸν,
352 3801 397 3878 ἀφ’
418 3797 550 3869 Ἕλληνος
571 3806 618 3860 τοῦ
642 3803 838 3882 Δευκαλίωνος,
852 3807 882 3865 τὸ
903 3808 949 3883 μὲν
995 3843 1036 3880 sue
1047 3833 1141 3893 cruca,
1156 3846 1171 3881 a
1186 3833 1332 3882 Deucalione
1345 3837 1431 3883 Graeco
1445 3837 1506 3894 orla,
1521 3835 1552 3883 ad
1563 3839 1585 3885 nl

124 3901 151 3939 ιυ
165 3885 231 3943 ἄλλο
244 3889 281 3964 τῷ
300 3887 436 3967 Μαλιακῷ
450 3887 541 3968 κολπῳ
561 3891 794 3971 παρατεινόμενσν,
817 3895 951 3975 μητρόπο-

164 3974 203 4029 λιν
216 3972 243 4029 δὲ
254 3972 444 4048 σεμνυνόμενον
457 3972 589 4049 Ὑπόταν,
603 3982 638 4044 ὡς
650 3977 698 4055 μὲν
712 3980 786 4038 αύτολ
803 3981 950 4059 βούλονται,

165 4059 217 4117 ἀπὸ
239 4065 285 4118 τοῦ
308 4061 384 4139 [τῶν
397 4060 505 4143 ἀλλων]
520 4064 658 4124 ὑπατεύειν
672 4067 717 4126 καί
742 4068 832 4149 ἀρχεῖν
845 4072 950 4150 ὠνομα-

164 4148 272 4224 σμένην,
284 4153 319 4216 b<
329 4151 351 4207 δ’
366 4150 461 4232 ἑτέροις
474 4153 560 4230 δοκεῖ,
573 4154 639 4213 διότι
654 4178 703 4234 περ
718 4156 812 4237 ύπδτῇ
829 4160 896 4240 Οίτῃ
913 4165 950 4242 τῷ

165 4235 219 4312 69⁵²
233 4236 406 4346 ’‘⁰¹³4’th
449 4239 483 4300 Ἡ
496 4239 523 4299 δὲ
537 4243 613 4301 θυσία
628 4244 674 4302 καί
683 4250 704 4354 ,ἡ
719 4248 829 4358 θὶωρίαί
845 4272 950 4329 ww
995 4302 1172 4364 anno,quando
1182 4305 1206 4351 et
1219 4304 1533 4367 l‘ytlriusagoncelebratur,
1545 4309 1585 4369 (ce

123 4354 150 4393 ,ς
164 4324 257 4403 τηρίδα
270 4348 379 4434 ταρτην,
393 4327 436 4384 ὅτε
459 4350 510 4408 περ
521 4329 567 4388 καί
588 4333 726 4391 δΠυθιων
739 4357 818 4410 αγων,
836 4337 911 4417 (ἔστι
922 4338 949 4396 δὲ
995 4408 1060 4444 nunc
1084 4397 1188 4459 umis)
1198 4398 1311 4447 Enim
1322 4399 1454 4450 [niumm
1501 4402 1534 4450 Η

164 4411 220 4470 νυνί
238 4415 273 4480 ὡς
286 4416 380 4491 oredo)
396 4415 543 4491 πέμπουσιν
567 4421 701 4487 Αίνειᾶνες
722 4423 900 4505 Νεοπτολέμῳ
912 4430 950 4505 τῷ
1020 4489 1025 4500 ,
1062 4433 1069 4457 ’
1097 4489 1102 4500 ,
1275 4492 1279 4503 ,
1404 4416 1409 4448 ¹
1456 4414 1585 4506 wem(

166 4499 320 4579 Ἀχιλλέως·
335 4503 444 4561 ἐνταῦθα
459 4502 510 4583 γὰρ
533 4505 706 4587 ίδυλοφυνήθη
721 4508 786 4589 πρὸς
800 4512 885 4577 αὐτοῖς
899 4514 951 4580 τοῖς
996 4491 1042 4539 ¹¹¹⁰
1064 4503 1140 4595 emm·
1150 4493 1186 4540 “t
1199 4491 1255 4540 ‘¹⁰¹⁰
1272 4493 1414 4610 ’ῃίθῐίῗοωε
1425 4495 1455 4542 ad
1473 4509 1535 4558 Ῥω
1546 4501 1585 4601 ,ΑΡ

165 4594 212 4692 «τοῦ
227 4589 327 4696 nveiti„
351 4594 451 4699 βωμχῑς
473 4593 518 4698 qn,
540 4592 667 4672 Ὀρέστου
688 4601 735 4655 τοῦ
750 4597 949 4708 ,Αγαμγχνονοςι
995 4585 1089 4722 preste,
1107 4583 1156 4633 lilro
1170 4590 1364 4689 Agamemnonis:
1399 4591 1426 4637 tn
1441 4592 1566 4651 praesentia
1582 4604 1585 4614 ⁴

165 4674 242 4781 κΗγδί
259 4700 314 4735 νυνι
336 4681 655 4787 θεωριακαιΙπλεονεκτεῖ
669 4682 715 4750 τδς
729 4684 819 4752 άλλας.
867 4690 950 4765 Αχιλ-
1003 4678 1082 4777 θῧθίίθ
1102 4675 1173 4725 ‘mm
1192 4677 1403 4782 lm³g⁰¹s¹⁰⁰m¹¹¹sj
1425 4695 1499 4742 ‘¹⁰⁸⁰‘
1526 4686 1585 4785 Q

125 4779 151 4817 ,0
165 4762 250 4832 mam
269 4763 320 4843 γὰρ
339 4758 405 4824 ,tw
426 4789 581 4844 mmmm
598 4774 672 4843 defi<
691 4773 799 4850 θεωργα,
813 4773 950 4854 ww„-
995 4765 1139 4816 Aclnllrdem
1160 4780 1223 4817 emm
1238 4781 1264 4818 se
1277 4782 1328 4818 esse
1339 4771 1455 4832 glorralnr
1476 4773 1585 4835 legalrom

167 4849 306 4929 συνέτυχον
317 4852 368 4932 γὰρ
379 4860 412 4935 τῇ
431 4859 573 4937 προτεραίᾳ
584 4861 624 4938 τῷ
635 4860 763 4942 νεανίσκῳ
772 4861 818 4921 καί
830 4887 874 4939 μοι
884 4866 949 4937 ἀλη-
995 4860 1059 4908 ⁰¹¹¹¹¹¹
1077 4861 1154 4923 I)ridie
1165 4861 1312 4912 ⁸⁶⁰¹⁰⁵⁰0¹¹fi
1332 4864 1429 4914 ⁰bV¹³¹¹¹
1450 4880 1562 4917 *emm
1577 4883 1585 4918 ί

995 3927 1116 3987 protensa,
1129 3927 1281 3990 metropolim
1291 3928 1424 3990 praedicans
1438 3932 1566 3991 Hypatam,
1579 3946 1585 3978 r

995 4018 1039 4081 ipsi
1053 4019 1149 4080 volunt,
1158 4020 1189 4069 ab
1202 4020 1314 4083 eo,quod
1326 4023 1408 4083 praesil
1418 4026 1442 4072 el
1451 4023 1561 4085 imperet,
1574 4038 1585 4073 e

995 4115 1023 4162 ut
1036 4115 1117 4162 antem
1129 4114 1181 4162 aliis
1195 4114 1299 4176 ridetur,
1315 4116 1433 4178 quodsub
1447 4120 1504 4167 OEta
1514 4122 1585 4167 mont

995 4207 1114 4256 crilicium
1124 4220 1182 4258 vero
1193 4211 1218 4259 et
1232 4223 1324 4259 sacram
1340 4211 1484 4274 legationem
1496 4213 1569 4276 lranc,
1583 4236 1585 4257 ι

166 4937 216 5001 θῶς
225 4935 294 5004 ἔδοξε
307 4941 359 5007 τοῖς
370 4941 541 5021 Ἀχιλλείδαις
552 4946 704 5026 ἐμπρέπων,
716 4951 828 5018 τοιοῦτός
840 4952 950 5024 ἐστιτήν
995 4953 1092 5003 Videtur
1104 4955 1128 5004 5¹¹
1143 4955 1184 5004 5¹¹⁰
1199 4956 1319 5019 ⁸5¹¹li¹¹¹⁸fe
1332 4959 1458 5022 quiddam,
1473 4961 1572 5025 dignum

166 5021 268 5102 μορφήν
283 5026 329 5083 καί
343 5035 462 5098 τοσοῦτος
476 5033 538 5092 ἰδεῖν
552 5032 583 5092 τδ
597 5033 717 5112 μέγεθος,
735 5041 770 5104 ὡς
782 5037 950 5121 βεόαιοθνεῇ
995 5061 1057 5107 cere,
1079 5049 1195 5110 ejrrsmodl
1215 5051 1293 5113 specie
1311 5055 1335 5101 et
1356 5057 1499 5116 proceritate
1517 5071 1585 5120 consp

166 5107 213 5190 θέᾳ
224 5109 254 5169 τὸ
265 5111 347 5189 γένος.
391 5116 476 5195 Ἐμσῧ
491 5119 518 5178 δὲ
532 5123 714 5199 θαυμάσαντος
726 5126 771 5183 καὶ
780 5129 951 5194 πῶςΑίνειά·
994 5141 1060 5204 qnod
1076 5142 1121 5192 dea
1139 5145 1170 5194 sit
1184 5146 1265 5204 natus,
1280 5146 1414 5198 conlirnrel.
1448 5152 1584 5201 illeveron
