<?xml version="1.0" encoding="UTF-8"?>
<!DOCTYPE html PUBLIC "-//W3C//DTD XHTML 1.0 Transitional//EN"
    "http://www.w3.org/TR/xhtml1/DTD/xhtml1-transitional.dtd">
<html xmlns="http://www.w3.org/1999/xhtml" xml:lang="en" lang="en">
 <head>
  <title>
</title>
<meta http-equiv="Content-Type" content="text/html;charset=utf-8" />
  <meta name='ocr-system' content='tesseract 3.04.00' />
  <meta name='ocr-capabilities' content='ocr_page ocr_carea ocr_par ocr_line ocrx_word'/>
</head>
<body>
  <div class='ocr_page' id='page_1' title='image "./eroticiscriptor00hirsgoog_0441.png"; bbox 0 0 3726 5692; ppageno 0'>
   <div class='ocr_carea' id='block_1_1' title="bbox 112 382 1195 450">
    <p class='ocr_par' dir='ltr' id='par_1_1' title="bbox 112 382 1195 450">
     <span class='ocr_line' id='line_1_1' title="bbox 112 382 1195 450; baseline -0.006 -1"><span class='ocrx_word' id='word_1_1' title='bbox 112 400 169 450; x_wconf 77' lang='lat' dir='ltr'><strong>«iba</strong></span> <span class='ocrx_word' id='word_1_2' title='bbox 650 383 867 444; x_wconf 70' lang='lat' dir='ltr'><strong>bellobell</strong></span> <span class='ocrx_word' id='word_1_3' title='bbox 889 382 1195 443; x_wconf 75' lang='lat' dir='ltr'><strong>AEtflloslcoubnl</strong></span> 
     </span>
    </p>
   </div>
   <div class='ocr_carea' id='block_1_2' title="bbox 110 511 1740 871">
    <p class='ocr_par' dir='ltr' id='par_1_2' title="bbox 110 511 1740 871">
     <span class='ocr_line' id='line_1_2' title="bbox 151 511 1738 594; baseline -0.001 -18"><span class='ocrx_word' id='word_1_4' title='bbox 151 520 220 581; x_wconf 83' lang='lat' dir='ltr'>KZ&#39;.</span> <span class='ocrx_word' id='word_1_5' title='bbox 245 517 301 578; x_wconf 75' lang='grc' dir='ltr'>Καὶ</span> <span class='ocrx_word' id='word_1_6' title='bbox 328 517 434 575; x_wconf 87' lang='grc' dir='ltr'>πάντων</span> <span class='ocrx_word' id='word_1_7' title='bbox 461 512 554 594; x_wconf 79' lang='grc' dir='ltr'>σχεδὸν</span> <span class='ocrx_word' id='word_1_8' title='bbox 582 516 633 572; x_wconf 90' lang='grc' dir='ltr'><strong>τῶν</strong></span> <span class='ocrx_word' id='word_1_9' title='bbox 658 513 728 571; x_wconf 84' lang='grc' dir='ltr'>κατὰ</span> <span class='ocrx_word' id='word_1_10' title='bbox 754 511 897 592; x_wconf 77' lang='grc' dir='ltr'>πρεσάείαν</span> <span class='ocrx_word' id='word_1_11' title='bbox 974 523 1073 570; x_wconf 76' lang='grc'>11111111.</span> <span class='ocrx_word' id='word_1_12' title='bbox 1092 522 1149 571; x_wconf 84' lang='lat' dir='ltr'><strong>Post</strong></span> <span class='ocrx_word' id='word_1_13' title='bbox 1163 524 1332 583; x_wconf 84' lang='lat' dir='ltr'><strong>cutemquam</strong></span> <span class='ocrx_word' id='word_1_14' title='bbox 1349 521 1524 584; x_wconf 83' lang='lat' dir='ltr'>propemodum</span> <span class='ocrx_word' id='word_1_15' title='bbox 1541 535 1626 572; x_wconf 86' lang='lat' dir='ltr'><strong>omnes</strong></span> <span class='ocrx_word' id='word_1_16' title='bbox 1644 524 1689 586; x_wconf 90' lang='lat' dir='ltr'><strong>qui</strong></span> <span class='ocrx_word' id='word_1_17' title='bbox 1704 525 1738 575; x_wconf 91' lang='lat' dir='ltr'><strong>le·</strong></span> 
     </span>
     <span class='ocr_line' id='line_1_3' title="bbox 111 598 1740 690; baseline 0.001 -23"><span class='ocrx_word' id='word_1_18' title='bbox 111 607 261 690; x_wconf 86' lang='grc' dir='ltr'>ἀφιγμένων</span> <span class='ocrx_word' id='word_1_19' title='bbox 276 605 404 687; x_wconf 74' lang='grc' dir='ltr'>ὀφθέντων</span> <span class='ocrx_word' id='word_1_20' title='bbox 418 604 464 662; x_wconf 78' lang='grc' dir='ltr'>καὶ</span> <span class='ocrx_word' id='word_1_21' title='bbox 481 611 534 668; x_wconf 73' lang='grc' dir='ltr'>τοῖς</span> <span class='ocrx_word' id='word_1_22' title='bbox 548 600 613 667; x_wconf 74' lang='grc' dir='ltr'>ἴσοις</span> <span class='ocrx_word' id='word_1_23' title='bbox 627 598 782 672; x_wconf 56' lang='lat' dir='ltr'><strong>{admitti</strong></span> <span class='ocrx_word' id='word_1_24' title='bbox 800 603 898 681; x_wconf 75' lang='grc' dir='ltr'>φιλυτῑ·</span> <span class='ocrx_word' id='word_1_25' title='bbox 943 616 1038 679; x_wconf 82' lang='lat' dir='ltr'><strong>gatione</strong></span> <span class='ocrx_word' id='word_1_26' title='bbox 1059 616 1218 678; x_wconf 87' lang='lat' dir='ltr'><strong>tangebantur</strong></span> <span class='ocrx_word' id='word_1_27' title='bbox 1238 618 1263 664; x_wconf 91' lang='lat' dir='ltr'><strong>iu</strong></span> <span class='ocrx_word' id='word_1_28' title='bbox 1277 619 1433 678; x_wconf 88' lang='lat' dir='ltr'><strong>conspectum</strong></span> <span class='ocrx_word' id='word_1_29' title='bbox 1447 620 1573 680; x_wconf 84' lang='lat' dir='ltr'><strong>venerunt¹</strong></span> <span class='ocrx_word' id='word_1_30' title='bbox 1589 620 1614 668; x_wconf 87' lang='lat' dir='ltr'><strong>et</strong></span> <span class='ocrx_word' id='word_1_31' title='bbox 1629 618 1740 682; x_wconf 72' lang='lat' dir='ltr'><strong>ungulos</strong></span> 
     </span>
     <span class='ocr_line' id='line_1_4' title="bbox 111 688 1737 777; baseline 0.001 -14"><span class='ocrx_word' id='word_1_32' title='bbox 111 696 230 777; x_wconf 65' lang='grc' dir='ltr'>μοῖὲρνῑς</span> <span class='ocrx_word' id='word_1_33' title='bbox 254 693 312 762; x_wconf 67' lang='grc' dir='ltr'>τοὺς</span> <span class='ocrx_word' id='word_1_34' title='bbox 332 692 470 759; x_wconf 69' lang='grc' dir='ltr'>πλείστους</span> <span class='ocrx_word' id='word_1_35' title='bbox 493 689 675 771; x_wconf 63' lang='grc' dir='ltr'>ἅμεῑθαμὲνου</span> <span class='ocrx_word' id='word_1_36' title='bbox 693 695 738 749; x_wconf 66' lang='grc' dir='ltr'>τοῦ</span> <span class='ocrx_word' id='word_1_37' title='bbox 755 688 898 769; x_wconf 67' lang='grc' dir='ltr'>βασῑδέωςτ</span> <span class='ocrx_word' id='word_1_38' title='bbox 944 711 1057 773; x_wconf 89' lang='lat' dir='ltr'><strong>paribus,</strong></span> <span class='ocrx_word' id='word_1_39' title='bbox 1073 711 1192 773; x_wconf 90' lang='lat' dir='ltr'><strong>plurimos</strong></span> <span class='ocrx_word' id='word_1_40' title='bbox 1204 713 1286 761; x_wconf 89' lang='lat' dir='ltr'><strong>autem</strong></span> <span class='ocrx_word' id='word_1_41' title='bbox 1299 711 1457 773; x_wconf 78' lang='lat' dir='ltr'><strong>amplioribus</strong></span> <span class='ocrx_word' id='word_1_42' title='bbox 1468 712 1537 761; x_wconf 92' lang='lat' dir='ltr'><strong>donis</strong></span> <span class='ocrx_word' id='word_1_43' title='bbox 1556 725 1598 762; x_wconf 81' lang='lat' dir='ltr'><strong>rex</strong></span> <span class='ocrx_word' id='word_1_44' title='bbox 1620 727 1737 764; x_wconf 82' lang='lat' dir='ltr'><strong>remune-</strong></span> 
     </span>
     <span class='ocr_line' id='line_1_5' title="bbox 110 777 1735 871; baseline -0.002 -8"><span class='ocrx_word' id='word_1_45' title='bbox 110 786 255 842; x_wconf 59' lang='grc' dir='ltr'>πλῑυῗαῑοῑ</span> <span class='ocrx_word' id='word_1_46' title='bbox 269 786 392 863; x_wconf 58' lang='grc' dir='ltr'>παρῆσαν</span> <span class='ocrx_word' id='word_1_47' title='bbox 413 784 437 839; x_wconf 60' lang='grc' dir='ltr'><strong>οἵ</strong></span> <span class='ocrx_word' id='word_1_48' title='bbox 451 780 602 856; x_wconf 44' lang='lat' dir='ltr'><strong>mittut*</strong></span> <span class='ocrx_word' id='word_1_49' title='bbox 618 778 797 858; x_wconf 58' lang='grc' dir='ltr'>πθεσὸῖυῖαδτ</span> <span class='ocrx_word' id='word_1_50' title='bbox 819 777 898 858; x_wconf 60' lang='grc' dir='ltr'>θέρου</span> <span class='ocrx_word' id='word_1_51' title='bbox 944 806 1011 854; x_wconf 88' lang='lat' dir='ltr'><strong>ratus</strong></span> <span class='ocrx_word' id='word_1_52' title='bbox 1022 808 1074 865; x_wconf 92' lang='lat' dir='ltr'><strong>est,</strong></span> <span class='ocrx_word' id='word_1_53' title='bbox 1090 805 1171 855; x_wconf 91' lang='lat' dir='ltr'><strong>ultimi</strong></span> <span class='ocrx_word' id='word_1_54' title='bbox 1185 803 1286 854; x_wconf 89' lang='lat' dir='ltr'><strong>aderant</strong></span> <span class='ocrx_word' id='word_1_55' title='bbox 1301 805 1478 856; x_wconf 68' lang='lat' dir='ltr'><strong>aelamitarum</strong></span> <span class='ocrx_word' id='word_1_56' title='bbox 1493 806 1563 868; x_wconf 81' lang='lat' dir='ltr'><strong>iegati</strong></span> <span class='ocrx_word' id='word_1_57' title='bbox 1577 807 1735 871; x_wconf 85' lang='lat' dir='ltr'><strong>quiquidem</strong></span> 
     </span>
    </p>
   </div>
   <div class='ocr_carea' id='block_1_3' title="bbox 7 864 1743 1248">
    <p class='ocr_par' dir='ltr' id='par_1_3' title="bbox 7 864 1743 1192">
     <span class='ocr_line' id='line_1_6' title="bbox 110 864 1743 963; baseline 0.003 -35"><span class='ocrx_word' id='word_1_58' title='bbox 110 868 158 945; x_wconf 75' lang='grc' dir='ltr'><strong>μὲν</strong></span> <span class='ocrx_word' id='word_1_59' title='bbox 170 873 218 929; x_wconf 87' lang='grc' dir='ltr'><strong>οὑκ</strong></span> <span class='ocrx_word' id='word_1_60' title='bbox 229 869 299 936; x_wconf 81' lang='grc' dir='ltr'>ὄντες</span> <span class='ocrx_word' id='word_1_61' title='bbox 312 871 459 940; x_wconf 79' lang='grc' dir='ltr'>ὑποτελεῖς,</span> <span class='ocrx_word' id='word_1_62' title='bbox 472 867 540 948; x_wconf 78' lang='grc' dir='ltr'>φίλοι</span> <span class='ocrx_word' id='word_1_63' title='bbox 551 867 573 925; x_wconf 89' lang='grc' dir='ltr'><strong>δ’</strong></span> <span class='ocrx_word' id='word_1_64' title='bbox 588 865 673 933; x_wconf 85' lang='grc' dir='ltr'>ἄλλως</span> <span class='ocrx_word' id='word_1_65' title='bbox 684 865 730 924; x_wconf 78' lang='grc' dir='ltr'><strong>καί</strong></span> <span class='ocrx_word' id='word_1_66' title='bbox 740 864 898 924; x_wconf 83' lang='grc' dir='ltr'>ὑπόσπονδοι</span> <span class='ocrx_word' id='word_1_67' title='bbox 945 912 995 949; x_wconf 64' lang='lat' dir='ltr'><strong>nm,</strong></span> <span class='ocrx_word' id='word_1_68' title='bbox 1015 898 1154 962; x_wconf 57' lang='lat' dir='ltr'><strong>,mebant</strong></span> <span class='ocrx_word' id='word_1_69' title='bbox 1167 899 1302 961; x_wconf 56' lang='lat' dir='ltr'><strong>tributum,</strong></span> <span class='ocrx_word' id='word_1_70' title='bbox 1316 898 1358 950; x_wconf 55' lang='lat' dir='ltr'><strong>,ed</strong></span> <span class='ocrx_word' id='word_1_71' title='bbox 1372 899 1463 963; x_wconf 52' lang='lat' dir='ltr'><strong>,pioque</strong></span> <span class='ocrx_word' id='word_1_72' title='bbox 1475 904 1544 951; x_wconf 62' lang='lat' dir='ltr'><strong>mm</strong></span> <span class='ocrx_word' id='word_1_73' title='bbox 1556 901 1615 952; x_wconf 62' lang='grc' dir='ltr'><strong>,οῶ</strong></span> <span class='ocrx_word' id='word_1_74' title='bbox 1627 907 1653 952; x_wconf 62' lang='grc' dir='ltr'><strong>,γ</strong></span> <span class='ocrx_word' id='word_1_75' title='bbox 1666 904 1743 954; x_wconf 57' lang='lat' dir='ltr'><strong>foedo,</strong></span> 
     </span>
     <span class='ocr_line' id='line_1_7' title="bbox 110 952 1742 1064; baseline 0.011 -32"><span class='ocrx_word' id='word_1_76' title='bbox 110 959 155 1020; x_wconf 63' lang='grc' dir='ltr'><strong>καὶ</strong></span> <span class='ocrx_word' id='word_1_77' title='bbox 168 958 198 1017; x_wconf 64' lang='grc' dir='ltr'><strong>τὸ</strong></span> <span class='ocrx_word' id='word_1_78' title='bbox 218 957 262 1016; x_wconf 58' lang='grc' dir='ltr'><strong>ἐπὶ</strong></span> <span class='ocrx_word' id='word_1_79' title='bbox 276 966 328 1025; x_wconf 62' lang='grc' dir='ltr'>τοῖς</span> <span class='ocrx_word' id='word_1_80' title='bbox 345 955 562 1036; x_wconf 51' lang='grc' dir='ltr'>κατωρθωμένοις</span> <span class='ocrx_word' id='word_1_81' title='bbox 574 952 679 1031; x_wconf 54' lang='grc' dir='ltr'>εὐμενὲς</span> <span class='ocrx_word' id='word_1_82' title='bbox 694 953 898 1064; x_wconf 43' lang='grc' dir='ltr'>ἓνδειχνύμῑνῗῧ</span> <span class='ocrx_word' id='word_1_83' title='bbox 945 995 998 1044; x_wconf 90' lang='lat' dir='ltr'><strong>rati.</strong></span> <span class='ocrx_word' id='word_1_84' title='bbox 1031 995 1196 1054; x_wconf 83' lang='lat' dir='ltr'><strong>Quamobrem</strong></span> <span class='ocrx_word' id='word_1_85' title='bbox 1216 996 1247 1046; x_wconf 90' lang='lat' dir='ltr'><strong>de</strong></span> <span class='ocrx_word' id='word_1_86' title='bbox 1268 995 1340 1045; x_wconf 89' lang='lat' dir='ltr'><strong>rebus</strong></span> <span class='ocrx_word' id='word_1_87' title='bbox 1361 1009 1473 1059; x_wconf 90' lang='lat' dir='ltr'><strong>prospere</strong></span> <span class='ocrx_word' id='word_1_88' title='bbox 1495 1010 1524 1046; x_wconf 89' lang='lat' dir='ltr'><strong>ae</strong></span> <span class='ocrx_word' id='word_1_89' title='bbox 1547 997 1646 1047; x_wconf 77' lang='lat' dir='ltr'><strong>feliciter</strong></span> <span class='ocrx_word' id='word_1_90' title='bbox 1665 1002 1742 1062; x_wconf 81' lang='lat' dir='ltr'><strong>gestis</strong></span> 
     </span>
     <span class='ocr_line' id='line_1_8' title="bbox 7 1037 1741 1192; baseline 0.011 -66"><span class='ocrx_word' id='word_1_91' title='bbox 7 1138 13 1149; x_wconf 33' lang='grc' dir='ltr'><strong>ι</strong></span> <span class='ocrx_word' id='word_1_92' title='bbox 110 1048 182 1156; x_wconf 58' lang='grc' dir='ltr'>δῶξα</span> <span class='ocrx_word' id='word_1_93' title='bbox 193 1046 238 1192; x_wconf 50' lang='grc' dir='ltr'><strong>’ξγῖῖ</strong></span> <span class='ocrx_word' id='word_1_94' title='bbox 253 1037 322 1104; x_wconf 52' lang='grc' dir='ltr'>οὗτοι</span> <span class='ocrx_word' id='word_1_95' title='bbox 336 1045 516 1152; x_wconf 45' lang='grc' dir='ltr'>πθοσήγῗῖοθ</span> <span class='ocrx_word' id='word_1_96' title='bbox 531 1042 599 1150; x_wconf 38' lang='grc' dir='ltr'><strong>ἀλέα</strong></span> <span class='ocrx_word' id='word_1_97' title='bbox 615 1066 643 1101; x_wconf 61' lang='lat'><strong>³⁸</strong></span> <span class='ocrx_word' id='word_1_98' title='bbox 658 1066 704 1101; x_wconf 55' lang='grc' dir='ltr'><strong>χαι</strong></span> <span class='ocrx_word' id='word_1_99' title='bbox 716 1042 748 1113; x_wconf 65' lang='grc' dir='ltr'>δὴ</span> <span class='ocrx_word' id='word_1_100' title='bbox 766 1042 812 1100; x_wconf 54' lang='grc' dir='ltr'><strong>καὶ</strong></span> <span class='ocrx_word' id='word_1_101' title='bbox 831 1046 897 1151; x_wconf 54' lang='grc' dir='ltr'>ςῳου</span> <span class='ocrx_word' id='word_1_102' title='bbox 944 1092 1109 1154; x_wconf 74' lang='lat' dir='ltr'><strong>gratulantes,</strong></span> <span class='ocrx_word' id='word_1_103' title='bbox 1127 1091 1151 1140; x_wconf 91' lang='lat' dir='ltr'><strong>bi</strong></span> <span class='ocrx_word' id='word_1_104' title='bbox 1167 1105 1265 1154; x_wconf 86' lang='lat' dir='ltr'><strong>quoque</strong></span> <span class='ocrx_word' id='word_1_105' title='bbox 1278 1091 1341 1141; x_wconf 92' lang='lat' dir='ltr'><strong>dona</strong></span> <span class='ocrx_word' id='word_1_106' title='bbox 1357 1091 1523 1154; x_wconf 75' lang='lat' dir='ltr'><strong>adducebant,</strong></span> <span class='ocrx_word' id='word_1_107' title='bbox 1538 1106 1595 1142; x_wconf 91' lang='lat' dir='ltr'><strong>cum</strong></span> <span class='ocrx_word' id='word_1_108' title='bbox 1608 1095 1669 1155; x_wconf 84' lang='lat' dir='ltr'><strong>alia,</strong></span> <span class='ocrx_word' id='word_1_109' title='bbox 1684 1099 1741 1146; x_wconf 89' lang='lat' dir='ltr'><strong>tum</strong></span> 
     </span>
    </p>

    <p class='ocr_par' dir='ltr' id='par_1_4' title="bbox 110 1128 1738 1248">
     <span class='ocr_line' id='line_1_9' title="bbox 110 1128 1738 1248; baseline 0.002 -55"><span class='ocrx_word' id='word_1_110' title='bbox 110 1154 256 1202; x_wconf 84' lang='grc' dir='ltr'>τινοςεοος</span> <span class='ocrx_word' id='word_1_111' title='bbox 269 1132 441 1193; x_wconf 83' lang='grc' dir='ltr'>ἀλλοκότουθ</span> <span class='ocrx_word' id='word_1_112' title='bbox 463 1131 520 1207; x_wconf 76' lang='grc' dir='ltr'><strong>ἅμα</strong></span> <span class='ocrx_word' id='word_1_113' title='bbox 533 1153 579 1189; x_wconf 89' lang='grc' dir='ltr'><strong>και</strong></span> <span class='ocrx_word' id='word_1_114' title='bbox 593 1128 740 1206; x_wconf 82' lang='grc' dir='ltr'>θαυμασίου</span> <span class='ocrx_word' id='word_1_115' title='bbox 752 1129 800 1203; x_wconf 76' lang='grc' dir='ltr'><strong>τὴν</strong></span> <span class='ocrx_word' id='word_1_116' title='bbox 812 1153 899 1211; x_wconf 86' lang='grc' dir='ltr'>φυσιν,</span> <span class='ocrx_word' id='word_1_117' title='bbox 944 1186 1074 1236; x_wconf 52' lang='lat' dir='ltr'><strong>animantis</strong></span> <span class='ocrx_word' id='word_1_118' title='bbox 1096 1186 1221 1248; x_wconf 48' lang='lat' dir='ltr'><strong>cujusdam</strong></span> <span class='ocrx_word' id='word_1_119' title='bbox 1243 1185 1361 1248; x_wconf 48' lang='lat' dir='ltr'><strong>speciem,</strong></span> <span class='ocrx_word' id='word_1_120' title='bbox 1385 1186 1498 1236; x_wconf 51' lang='lat' dir='ltr'><strong>inusitata</strong></span> <span class='ocrx_word' id='word_1_121' title='bbox 1513 1187 1585 1236; x_wconf 54' lang='lat' dir='ltr'><strong>simul</strong></span> <span class='ocrx_word' id='word_1_122' title='bbox 1609 1192 1633 1238; x_wconf 57' lang='lat' dir='ltr'><strong>et</strong></span> <span class='ocrx_word' id='word_1_123' title='bbox 1655 1189 1738 1239; x_wconf 47' lang='lat' dir='ltr'><strong>admi.</strong></span> 
     </span>
    </p>
   </div>
   <div class='ocr_carea' id='block_1_4' title="bbox 110 1215 1742 1343">
    <p class='ocr_par' dir='ltr' id='par_1_5' title="bbox 110 1215 1742 1343">
     <span class='ocr_line' id='line_1_10' title="bbox 110 1215 1742 1343; baseline 0.021 -44"><span class='ocrx_word' id='word_1_124' title='bbox 110 1221 217 1302; x_wconf 54' lang='grc' dir='ltr'>μέγεθος</span> <span class='ocrx_word' id='word_1_125' title='bbox 232 1223 300 1300; x_wconf 72' lang='lat' dir='ltr'><strong>pb,</strong></span> <span class='ocrx_word' id='word_1_126' title='bbox 316 1223 352 1288; x_wconf 58' lang='grc' dir='ltr'><strong>εἷς</strong></span> <span class='ocrx_word' id='word_1_127' title='bbox 366 1218 488 1298; x_wconf 51' lang='grc' dir='ltr'>καμήλῳ</span> <span class='ocrx_word' id='word_1_128' title='bbox 511 1218 607 1298; x_wconf 60' lang='grc' dir='ltr'>μέτρον</span> <span class='ocrx_word' id='word_1_129' title='bbox 624 1217 784 1300; x_wconf 56' lang='grc' dir='ltr'>ὑψούμενον’</span> <span class='ocrx_word' id='word_1_130' title='bbox 806 1215 901 1298; x_wconf 53' lang='grc' dir='ltr'>χροιὰν</span> <span class='ocrx_word' id='word_1_131' title='bbox 945 1279 1020 1329; x_wconf 81' lang='lat' dir='ltr'><strong>randa</strong></span> <span class='ocrx_word' id='word_1_132' title='bbox 1040 1282 1140 1339; x_wconf 85' lang='lat' dir='ltr'><strong>natura,</strong></span> <span class='ocrx_word' id='word_1_133' title='bbox 1160 1279 1326 1342; x_wconf 78' lang='lat' dir='ltr'><strong>magnitudine</strong></span> <span class='ocrx_word' id='word_1_134' title='bbox 1337 1280 1436 1343; x_wconf 87' lang='lat' dir='ltr'><strong>quidem</strong></span> <span class='ocrx_word' id='word_1_135' title='bbox 1451 1281 1527 1330; x_wconf 88' lang='lat' dir='ltr'><strong>instar</strong></span> <span class='ocrx_word' id='word_1_136' title='bbox 1540 1283 1640 1343; x_wconf 87' lang='lat' dir='ltr'><strong>cameli,</strong></span> <span class='ocrx_word' id='word_1_137' title='bbox 1657 1284 1742 1333; x_wconf 87' lang='lat' dir='ltr'><strong>colore</strong></span> 
     </span>
    </p>
   </div>
   <div class='ocr_carea' id='block_1_5' title="bbox 71 1305 896 1391">
    <p class='ocr_par' dir='ltr' id='par_1_6' title="bbox 71 1305 896 1391">
     <span class='ocr_line' id='line_1_11' title="bbox 71 1305 896 1391; baseline -0.005 -21"><span class='ocrx_word' id='word_1_138' title='bbox 71 1335 98 1375; x_wconf 86' lang='lat' dir='ltr'><strong>lb</strong></span> <span class='ocrx_word' id='word_1_139' title='bbox 110 1311 139 1370; x_wconf 82' lang='lat' dir='ltr'><strong>el</strong></span> <span class='ocrx_word' id='word_1_140' title='bbox 158 1311 204 1371; x_wconf 87' lang='grc' dir='ltr'><strong>καῖ</strong></span> <span class='ocrx_word' id='word_1_141' title='bbox 219 1313 296 1391; x_wconf 87' lang='grc' dir='ltr'>δοράν</span> <span class='ocrx_word' id='word_1_142' title='bbox 309 1309 465 1389; x_wconf 80' lang='grc' dir='ltr'>παρδάλεως</span> <span class='ocrx_word' id='word_1_143' title='bbox 484 1306 586 1389; x_wconf 84' lang='grc' dir='ltr'>φολίσιν</span> <span class='ocrx_word' id='word_1_144' title='bbox 598 1309 721 1388; x_wconf 80' lang='grc' dir='ltr'>ἀνθηραῖς</span> <span class='ocrx_word' id='word_1_145' title='bbox 735 1305 896 1385; x_wconf 81' lang='grc' dir='ltr'>ἐστιγμένον.</span> 
     </span>
    </p>
   </div>
   <div class='ocr_carea' id='block_1_6' title="bbox 107 1374 1742 1478">
    <p class='ocr_par' dir='ltr' id='par_1_7' title="bbox 107 1374 1742 1478">
     <span class='ocr_line' id='line_1_12' title="bbox 107 1374 1742 1478; baseline 0.002 -54"><span class='ocrx_word' id='word_1_146' title='bbox 107 1388 164 1460; x_wconf 64' lang='grc' dir='ltr'><strong>Ἦν</strong></span> <span class='ocrx_word' id='word_1_147' title='bbox 177 1399 199 1456; x_wconf 65' lang='lat'><strong>3,</strong></span> <span class='ocrx_word' id='word_1_148' title='bbox 210 1400 281 1478; x_wconf 60' lang='grc' dir='ltr'>αὐτῷ</span> <span class='ocrx_word' id='word_1_149' title='bbox 293 1396 327 1456; x_wconf 64' lang='grc' dir='ltr'><strong>τὰ</strong></span> <span class='ocrx_word' id='word_1_150' title='bbox 341 1396 389 1476; x_wconf 65' lang='grc' dir='ltr'><strong>μὲν</strong></span> <span class='ocrx_word' id='word_1_151' title='bbox 403 1397 509 1456; x_wconf 53' lang='grc' dir='ltr'>ὀπίσθια</span> <span class='ocrx_word' id='word_1_152' title='bbox 521 1395 566 1455; x_wconf 45' lang='lat' dir='ltr'><strong>ms,</strong></span> <span class='ocrx_word' id='word_1_153' title='bbox 582 1394 649 1472; x_wconf 54' lang='grc' dir='ltr'>μετὰ</span> <span class='ocrx_word' id='word_1_154' title='bbox 660 1399 786 1463; x_wconf 56' lang='grc' dir='ltr'>κενεῶνας</span> <span class='ocrx_word' id='word_1_155' title='bbox 798 1395 899 1474; x_wconf 50' lang='lat' dir='ltr'><strong>xmp·</strong></span> <span class='ocrx_word' id='word_1_156' title='bbox 945 1376 1028 1423; x_wconf 86' lang='lat' dir='ltr'><strong>autem</strong></span> <span class='ocrx_word' id='word_1_157' title='bbox 1042 1376 1067 1424; x_wconf 92' lang='lat' dir='ltr'><strong>et</strong></span> <span class='ocrx_word' id='word_1_158' title='bbox 1082 1378 1137 1423; x_wconf 88' lang='lat' dir='ltr'><strong>eote</strong></span> <span class='ocrx_word' id='word_1_159' title='bbox 1151 1374 1255 1436; x_wconf 92' lang='lat' dir='ltr'><strong>pardalis</strong></span> <span class='ocrx_word' id='word_1_160' title='bbox 1266 1375 1369 1424; x_wconf 89' lang='lat' dir='ltr'><strong>maculis</strong></span> <span class='ocrx_word' id='word_1_161' title='bbox 1380 1374 1471 1424; x_wconf 91' lang='lat' dir='ltr'><strong>tioridis</strong></span> <span class='ocrx_word' id='word_1_162' title='bbox 1488 1375 1600 1425; x_wconf 86' lang='lat' dir='ltr'><strong>distincta</strong></span> <span class='ocrx_word' id='word_1_163' title='bbox 1612 1389 1643 1425; x_wconf 88' lang='lat' dir='ltr'><strong>ac</strong></span> <span class='ocrx_word' id='word_1_164' title='bbox 1655 1390 1742 1427; x_wconf 89' lang='lat' dir='ltr'><strong>maeu-</strong></span> 
     </span>
    </p>
   </div>
   <div class='ocr_carea' id='block_1_7' title="bbox 1 1469 1745 4653">
    <p class='ocr_par' dir='ltr' id='par_1_8' title="bbox 1 1469 1745 4653">
     <span class='ocr_line' id='line_1_13' title="bbox 109 1469 1741 1561; baseline -0.002 -17"><span class='ocrx_word' id='word_1_165' title='bbox 109 1486 177 1557; x_wconf 85' lang='grc' dir='ltr'>ζηλά</span> <span class='ocrx_word' id='word_1_166' title='bbox 189 1511 217 1545; x_wconf 90' lang='grc' dir='ltr'><strong>τε</strong></span> <span class='ocrx_word' id='word_1_167' title='bbox 229 1487 275 1545; x_wconf 87' lang='grc' dir='ltr'><strong>καῖ</strong></span> <span class='ocrx_word' id='word_1_168' title='bbox 285 1486 429 1558; x_wconf 83' lang='grc' dir='ltr'>λεοντώδη,</span> <span class='ocrx_word' id='word_1_169' title='bbox 440 1484 473 1544; x_wconf 87' lang='grc' dir='ltr'><strong>τδι</strong></span> <span class='ocrx_word' id='word_1_170' title='bbox 485 1484 507 1543; x_wconf 90' lang='grc' dir='ltr'><strong>δ’</strong></span> <span class='ocrx_word' id='word_1_171' title='bbox 517 1484 618 1560; x_wconf 82' lang='grc' dir='ltr'>ὠμιαῖοι</span> <span class='ocrx_word' id='word_1_172' title='bbox 631 1482 676 1542; x_wconf 82' lang='grc' dir='ltr'><strong>καὶ</strong></span> <span class='ocrx_word' id='word_1_173' title='bbox 690 1482 766 1548; x_wconf 83' lang='grc' dir='ltr'>πόδες</span> <span class='ocrx_word' id='word_1_174' title='bbox 780 1482 899 1561; x_wconf 84' lang='grc' dir='ltr'>πράσθιοι</span> <span class='ocrx_word' id='word_1_175' title='bbox 944 1471 1003 1520; x_wconf 61' lang='lat'><strong>¹⁸¹³·</strong></span> <span class='ocrx_word' id='word_1_176' title='bbox 1036 1472 1095 1519; x_wconf 61' lang='lat' dir='ltr'><strong>Em</strong></span> <span class='ocrx_word' id='word_1_177' title='bbox 1103 1471 1184 1520; x_wconf 56' lang='lat' dir='ltr'><strong>”tem</strong></span> <span class='ocrx_word' id='word_1_178' title='bbox 1195 1470 1240 1532; x_wconf 59' lang='lat'><strong>⁵⁹⁸5</strong></span> <span class='ocrx_word' id='word_1_179' title='bbox 1251 1469 1369 1530; x_wconf 60' lang='lat' dir='ltr'><strong>P⁰⁵t⁸fi⁰f</strong></span> <span class='ocrx_word' id='word_1_180' title='bbox 1378 1483 1434 1532; x_wconf 59' lang='grc' dir='ltr'><strong>ΡΜ</strong></span> <span class='ocrx_word' id='word_1_181' title='bbox 1443 1473 1468 1520; x_wconf 62' lang='lat' dir='ltr'><strong>et</strong></span> <span class='ocrx_word' id='word_1_182' title='bbox 1478 1484 1533 1533; x_wconf 54' lang='grc' dir='ltr'><strong>ΨΜ)</strong></span> <span class='ocrx_word' id='word_1_183' title='bbox 1542 1475 1626 1522; x_wconf 61' lang='lat' dir='ltr'><strong>”mse</strong></span> <span class='ocrx_word' id='word_1_184' title='bbox 1634 1472 1741 1523; x_wconf 51' lang='lat' dir='ltr'><strong>inseri&amp;</strong></span> 
     </span>
     <span class='ocr_line' id='line_1_14' title="bbox 6 1554 1744 1654; baseline 0.005 -47"><span class='ocrx_word' id='word_1_185' title='bbox 6 1554 10 1565; x_wconf 94' lang='lat'>&#39;</span> <span class='ocrx_word' id='word_1_186' title='bbox 109 1575 155 1634; x_wconf 70' lang='grc' dir='ltr'><strong>καιγ</strong></span> <span class='ocrx_word' id='word_1_187' title='bbox 176 1574 287 1653; x_wconf 57' lang='grc' dir='ltr'>στέρνα,</span> <span class='ocrx_word' id='word_1_188' title='bbox 311 1574 380 1654; x_wconf 56' lang='grc' dir='ltr'>πέρα</span> <span class='ocrx_word' id='word_1_189' title='bbox 404 1579 449 1647; x_wconf 52' lang='grc' dir='ltr'><strong>ροῦ</strong></span> <span class='ocrx_word' id='word_1_190' title='bbox 473 1572 602 1651; x_wconf 39' lang='lat' dir='ltr'><strong>imppp„</strong></span> <span class='ocrx_word' id='word_1_191' title='bbox 626 1575 678 1631; x_wconf 62' lang='grc' dir='ltr'><strong>τῶ,</strong></span> <span class='ocrx_word' id='word_1_192' title='bbox 702 1570 789 1629; x_wconf 67' lang='grc' dir='ltr'>ἄγχω,</span> <span class='ocrx_word' id='word_1_193' title='bbox 811 1572 898 1647; x_wconf 65' lang='grc' dir='ltr'><strong>μ,χ,’;,,</strong></span> <span class='ocrx_word' id='word_1_194' title='bbox 946 1560 1045 1610; x_wconf 86' lang='lat' dir='ltr'><strong>homilis</strong></span> <span class='ocrx_word' id='word_1_195' title='bbox 1065 1562 1091 1611; x_wconf 88' lang='lat' dir='ltr'><strong>et</strong></span> <span class='ocrx_word' id='word_1_196' title='bbox 1111 1559 1221 1621; x_wconf 86' lang='lat' dir='ltr'><strong>leonina,</strong></span> <span class='ocrx_word' id='word_1_197' title='bbox 1243 1574 1315 1622; x_wconf 91' lang='lat' dir='ltr'><strong>porro</strong></span> <span class='ocrx_word' id='word_1_198' title='bbox 1338 1563 1399 1612; x_wconf 88' lang='lat' dir='ltr'><strong>armi</strong></span> <span class='ocrx_word' id='word_1_199' title='bbox 1420 1566 1445 1613; x_wconf 90' lang='lat' dir='ltr'><strong>et</strong></span> <span class='ocrx_word' id='word_1_200' title='bbox 1465 1563 1538 1627; x_wconf 88' lang='lat' dir='ltr'><strong>pedes</strong></span> <span class='ocrx_word' id='word_1_201' title='bbox 1558 1565 1694 1616; x_wconf 86' lang='lat' dir='ltr'><strong>anteriores</strong></span> <span class='ocrx_word' id='word_1_202' title='bbox 1716 1571 1744 1617; x_wconf 93' lang='lat' dir='ltr'><strong>et</strong></span> 
     </span>
     <span class='ocr_line' id='line_1_15' title="bbox 110 1655 1740 1741; baseline -0.009 -18"><span class='ocrx_word' id='word_1_203' title='bbox 110 1662 313 1741; x_wconf 81' lang='grc' dir='ltr'>έξανιστάμενα.</span> <span class='ocrx_word' id='word_1_204' title='bbox 358 1661 461 1729; x_wconf 79' lang='grc' dir='ltr'>Λεπτὸς</span> <span class='ocrx_word' id='word_1_205' title='bbox 483 1665 497 1720; x_wconf 86' lang='grc' dir='ltr'>ὑ</span> <span class='ocrx_word' id='word_1_206' title='bbox 518 1658 602 1741; x_wconf 74' lang='grc' dir='ltr'>αὐχὴν</span> <span class='ocrx_word' id='word_1_207' title='bbox 620 1660 665 1720; x_wconf 76' lang='grc' dir='ltr'><strong>καὶ</strong></span> <span class='ocrx_word' id='word_1_208' title='bbox 680 1661 709 1718; x_wconf 86' lang='grc' dir='ltr'>έκ</span> <span class='ocrx_word' id='word_1_209' title='bbox 724 1659 840 1737; x_wconf 78' lang='grc' dir='ltr'>μεγάλου</span> <span class='ocrx_word' id='word_1_210' title='bbox 854 1664 898 1718; x_wconf 77' lang='grc' dir='ltr'><strong>τοῦ</strong></span> <span class='ocrx_word' id='word_1_211' title='bbox 946 1658 1032 1718; x_wconf 85' lang='lat' dir='ltr'><strong>pectus</strong></span> <span class='ocrx_word' id='word_1_212' title='bbox 1041 1667 1114 1718; x_wconf 89' lang='lat' dir='ltr'><strong>supra</strong></span> <span class='ocrx_word' id='word_1_213' title='bbox 1124 1655 1303 1718; x_wconf 89' lang='lat' dir='ltr'><strong>proportionem</strong></span> <span class='ocrx_word' id='word_1_214' title='bbox 1315 1655 1416 1707; x_wconf 89' lang='lat' dir='ltr'><strong>aliorum</strong></span> <span class='ocrx_word' id='word_1_215' title='bbox 1429 1657 1740 1711; x_wconf 85' lang='lat' dir='ltr'><strong>membrornmerectum:</strong></span> 
     </span>
     <span class='ocr_line' id='line_1_16' title="bbox 72 1745 1742 1828; baseline -0.007 -15"><span class='ocrx_word' id='word_1_216' title='bbox 72 1773 96 1813; x_wconf 85' lang='lat' dir='ltr'><strong>ts</strong></span> <span class='ocrx_word' id='word_1_217' title='bbox 110 1755 202 1812; x_wconf 82' lang='grc' dir='ltr'>λοιποῦ</span> <span class='ocrx_word' id='word_1_218' title='bbox 225 1752 345 1828; x_wconf 81' lang='grc' dir='ltr'>σώματος</span> <span class='ocrx_word' id='word_1_219' title='bbox 369 1753 405 1818; x_wconf 79' lang='grc' dir='ltr'><strong>εἰς</strong></span> <span class='ocrx_word' id='word_1_220' title='bbox 427 1749 544 1810; x_wconf 77' lang='grc' dir='ltr'>κύκνειον</span> <span class='ocrx_word' id='word_1_221' title='bbox 565 1747 686 1828; x_wconf 89' lang='grc' dir='ltr'>φάρυγγα</span> <span class='ocrx_word' id='word_1_222' title='bbox 709 1745 896 1824; x_wconf 81' lang='grc' dir='ltr'>μηκυνόμενος.</span> <span class='ocrx_word' id='word_1_223' title='bbox 944 1750 1033 1811; x_wconf 76' lang='lat' dir='ltr'><strong>gracile</strong></span> <span class='ocrx_word' id='word_1_224' title='bbox 1054 1749 1143 1798; x_wconf 86' lang='lat' dir='ltr'><strong>cottum</strong></span> <span class='ocrx_word' id='word_1_225' title='bbox 1164 1751 1188 1798; x_wconf 90' lang='lat' dir='ltr'><strong>et</strong></span> <span class='ocrx_word' id='word_1_226' title='bbox 1207 1762 1238 1797; x_wconf 83' lang='lat' dir='ltr'><strong>ex</strong></span> <span class='ocrx_word' id='word_1_227' title='bbox 1259 1763 1347 1812; x_wconf 80' lang='lat' dir='ltr'><strong>magno</strong></span> <span class='ocrx_word' id='word_1_228' title='bbox 1367 1763 1468 1813; x_wconf 84' lang='lat' dir='ltr'><strong>corpore</strong></span> <span class='ocrx_word' id='word_1_229' title='bbox 1488 1752 1596 1814; x_wconf 84' lang='lat' dir='ltr'><strong>reliquo,</strong></span> <span class='ocrx_word' id='word_1_230' title='bbox 1618 1753 1644 1802; x_wconf 88' lang='lat' dir='ltr'><strong>in</strong></span> <span class='ocrx_word' id='word_1_231' title='bbox 1667 1758 1742 1818; x_wconf 75' lang='lat' dir='ltr'><strong>cygni</strong></span> 
     </span>
     <span class='ocr_line' id='line_1_17' title="bbox 111 1828 1742 1923; baseline -0.002 -21"><span class='ocrx_word' id='word_1_232' title='bbox 111 1841 145 1902; x_wconf 82' lang='grc' dir='ltr'><strong>ἹΙ</strong></span> <span class='ocrx_word' id='word_1_233' title='bbox 161 1839 262 1922; x_wconf 74' lang='grc' dir='ltr'>κεφαλὴ</span> <span class='ocrx_word' id='word_1_234' title='bbox 276 1840 305 1897; x_wconf 88' lang='grc' dir='ltr'><strong>τὸ</strong></span> <span class='ocrx_word' id='word_1_235' title='bbox 320 1838 367 1915; x_wconf 79' lang='grc' dir='ltr'><strong>μὲν</strong></span> <span class='ocrx_word' id='word_1_236' title='bbox 385 1828 450 1905; x_wconf 77' lang='grc' dir='ltr'>εἶδος</span> <span class='ocrx_word' id='word_1_237' title='bbox 466 1836 667 1913; x_wconf 80' lang='grc' dir='ltr'>καμηλίζουσα,</span> <span class='ocrx_word' id='word_1_238' title='bbox 686 1836 716 1894; x_wconf 86' lang='grc' dir='ltr'><strong>τὸ</strong></span> <span class='ocrx_word' id='word_1_239' title='bbox 736 1834 763 1893; x_wconf 79' lang='grc' dir='ltr'><strong>δὲ</strong></span> <span class='ocrx_word' id='word_1_240' title='bbox 775 1834 897 1913; x_wconf 85' lang='grc' dir='ltr'>μέγεθος,</span> <span class='ocrx_word' id='word_1_241' title='bbox 944 1844 1032 1894; x_wconf 76' lang='lat' dir='ltr'><strong>subtile</strong></span> <span class='ocrx_word' id='word_1_242' title='bbox 1044 1849 1128 1906; x_wconf 79' lang='lat' dir='ltr'><strong>guttur</strong></span> <span class='ocrx_word' id='word_1_243' title='bbox 1148 1843 1293 1904; x_wconf 88' lang='lat' dir='ltr'><strong>productum</strong></span> <span class='ocrx_word' id='word_1_244' title='bbox 1313 1864 1319 1893; x_wconf 93' lang='lat'><strong>:</strong></span> <span class='ocrx_word' id='word_1_245' title='bbox 1341 1847 1414 1906; x_wconf 87' lang='lat' dir='ltr'><strong>caput</strong></span> <span class='ocrx_word' id='word_1_246' title='bbox 1433 1847 1515 1923; x_wconf 74' lang='lat' dir='ltr'><strong>aulem</strong></span> <span class='ocrx_word' id='word_1_247' title='bbox 1537 1847 1614 1896; x_wconf 86' lang='lat' dir='ltr'><strong>torma</strong></span> <span class='ocrx_word' id='word_1_248' title='bbox 1636 1849 1742 1910; x_wconf 87' lang='lat' dir='ltr'><strong>quidem</strong></span> 
     </span>
     <span class='ocr_line' id='line_1_18' title="bbox 111 1925 1742 2009; baseline -0.001 -22"><span class='ocrx_word' id='word_1_249' title='bbox 111 1935 235 2009; x_wconf 83' lang='grc' dir='ltr'>στρουθοῦ</span> <span class='ocrx_word' id='word_1_250' title='bbox 248 1926 384 2001; x_wconf 80' lang='grc' dir='ltr'>Λιύύσσης</span> <span class='ocrx_word' id='word_1_251' title='bbox 399 1930 435 1994; x_wconf 80' lang='grc' dir='ltr'><strong>εἷς</strong></span> <span class='ocrx_word' id='word_1_252' title='bbox 455 1927 593 1997; x_wconf 82' lang='grc' dir='ltr'>διπλάσιον</span> <span class='ocrx_word' id='word_1_253' title='bbox 608 1927 697 2004; x_wconf 84' lang='grc' dir='ltr'>ὀλίγον</span> <span class='ocrx_word' id='word_1_254' title='bbox 719 1925 898 2007; x_wconf 82' lang='grc' dir='ltr'>ὑπερφέρουσα</span> <span class='ocrx_word' id='word_1_255' title='bbox 947 1932 1046 1991; x_wconf 86' lang='lat' dir='ltr'><strong>cameli,</strong></span> <span class='ocrx_word' id='word_1_256' title='bbox 1065 1932 1229 1995; x_wconf 79' lang='lat' dir='ltr'><strong>magnitudine</strong></span> <span class='ocrx_word' id='word_1_257' title='bbox 1248 1937 1346 1989; x_wconf 82' lang='lat' dir='ltr'><strong>autem.</strong></span> <span class='ocrx_word' id='word_1_258' title='bbox 1360 1934 1457 1983; x_wconf 84' lang='lat' dir='ltr'><strong>struthii</strong></span> <span class='ocrx_word' id='word_1_259' title='bbox 1472 1934 1554 1997; x_wconf 81' lang='lat' dir='ltr'><strong>Lybici</strong></span> <span class='ocrx_word' id='word_1_260' title='bbox 1567 1938 1642 1997; x_wconf 90' lang='lat' dir='ltr'><strong>caput</strong></span> <span class='ocrx_word' id='word_1_261' title='bbox 1655 1937 1742 1998; x_wconf 90' lang='lat' dir='ltr'><strong>paullo</strong></span> 
     </span>
     <span class='ocr_line' id='line_1_19' title="bbox 110 2014 1741 2097; baseline 0 -22"><span class='ocrx_word' id='word_1_262' title='bbox 110 2017 157 2075; x_wconf 78' lang='grc' dir='ltr'><strong>καί</strong></span> <span class='ocrx_word' id='word_1_263' title='bbox 177 2015 327 2096; x_wconf 77' lang='grc' dir='ltr'>ὀφθαλμοὺς</span> <span class='ocrx_word' id='word_1_264' title='bbox 349 2015 597 2097; x_wconf 79' lang='grc' dir='ltr'>ὑπογεγραμμένους</span> <span class='ocrx_word' id='word_1_265' title='bbox 619 2018 752 2096; x_wconf 88' lang='grc' dir='ltr'>βλοσυρῶς</span> <span class='ocrx_word' id='word_1_266' title='bbox 772 2014 897 2076; x_wconf 67' lang='lat' dir='ltr'><strong>seliobre.</strong></span> <span class='ocrx_word' id='word_1_267' title='bbox 945 2021 1086 2082; x_wconf 87' lang='lat' dir='ltr'><strong>plusquam</strong></span> <span class='ocrx_word' id='word_1_268' title='bbox 1102 2020 1176 2083; x_wconf 91' lang='lat' dir='ltr'><strong>duplo</strong></span> <span class='ocrx_word' id='word_1_269' title='bbox 1192 2034 1308 2083; x_wconf 89' lang='lat' dir='ltr'><strong>superans</strong></span> <span class='ocrx_word' id='word_1_270' title='bbox 1321 2024 1346 2072; x_wconf 91' lang='lat' dir='ltr'><strong>et</strong></span> <span class='ocrx_word' id='word_1_271' title='bbox 1361 2022 1445 2071; x_wconf 88' lang='lat' dir='ltr'><strong>oculos</strong></span> <span class='ocrx_word' id='word_1_272' title='bbox 1458 2024 1574 2085; x_wconf 87' lang='lat' dir='ltr'><strong>tanquam</strong></span> <span class='ocrx_word' id='word_1_273' title='bbox 1586 2023 1667 2085; x_wconf 88' lang='lat' dir='ltr'><strong>pictos</strong></span> <span class='ocrx_word' id='word_1_274' title='bbox 1680 2025 1741 2075; x_wconf 88' lang='lat' dir='ltr'><strong>bor·</strong></span> 
     </span>
     <span class='ocr_line' id='line_1_20' title="bbox 111 2101 1741 2186; baseline -0.002 -21"><span class='ocrx_word' id='word_1_275' title='bbox 111 2105 292 2186; x_wconf 79' lang='grc' dir='ltr'>Παρήλλακτο</span> <span class='ocrx_word' id='word_1_276' title='bbox 305 2104 351 2162; x_wconf 78' lang='grc' dir='ltr'><strong>καί</strong></span> <span class='ocrx_word' id='word_1_277' title='bbox 369 2104 399 2161; x_wconf 88' lang='grc' dir='ltr'><strong>τδ</strong></span> <span class='ocrx_word' id='word_1_278' title='bbox 415 2105 533 2183; x_wconf 82' lang='grc' dir='ltr'>βάδισμα</span> <span class='ocrx_word' id='word_1_279' title='bbox 547 2103 674 2185; x_wconf 76' lang='grc' dir='ltr'>χερσαίου</span> <span class='ocrx_word' id='word_1_280' title='bbox 692 2101 758 2184; x_wconf 84' lang='grc' dir='ltr'>ζῴου</span> <span class='ocrx_word' id='word_1_281' title='bbox 779 2103 825 2160; x_wconf 77' lang='grc' dir='ltr'><strong>καί</strong></span> <span class='ocrx_word' id='word_1_282' title='bbox 840 2103 898 2161; x_wconf 86' lang='grc' dir='ltr'>ε’νύ-</span> <span class='ocrx_word' id='word_1_283' title='bbox 944 2108 1046 2157; x_wconf 88' lang='lat' dir='ltr'><strong>ribiiiter</strong></span> <span class='ocrx_word' id='word_1_284' title='bbox 1068 2123 1176 2159; x_wconf 81' lang='lat' dir='ltr'><strong>versans.</strong></span> <span class='ocrx_word' id='word_1_285' title='bbox 1215 2112 1374 2159; x_wconf 89' lang='lat' dir='ltr'><strong>immutatum</strong></span> <span class='ocrx_word' id='word_1_286' title='bbox 1397 2110 1469 2160; x_wconf 88' lang='lat' dir='ltr'><strong>etiam</strong></span> <span class='ocrx_word' id='word_1_287' title='bbox 1491 2111 1575 2161; x_wconf 89' lang='lat' dir='ltr'><strong>babuit</strong></span> <span class='ocrx_word' id='word_1_288' title='bbox 1594 2112 1741 2175; x_wconf 85' lang='lat' dir='ltr'><strong>incessum,</strong></span> 
     </span>
     <span class='ocr_line' id='line_1_21' title="bbox 25 2175 1745 2272; baseline 0.001 -21"><span class='ocrx_word' id='word_1_289' title='bbox 25 2198 29 2219; x_wconf 96' lang='lat'>&#39;</span> <span class='ocrx_word' id='word_1_290' title='bbox 69 2218 96 2258; x_wconf 79' lang='grc' dir='ltr'><strong>το</strong></span> <span class='ocrx_word' id='word_1_291' title='bbox 109 2193 170 2272; x_wconf 89' lang='grc' dir='ltr'>δρου</span> <span class='ocrx_word' id='word_1_292' title='bbox 185 2192 281 2259; x_wconf 86' lang='grc' dir='ltr'>παντὸς</span> <span class='ocrx_word' id='word_1_293' title='bbox 293 2193 454 2259; x_wconf 81' lang='grc' dir='ltr'>ὑπεναντίως</span> <span class='ocrx_word' id='word_1_294' title='bbox 468 2175 724 2264; x_wconf 67' lang='grc' dir='ltr'>σαλευόμενδν,τῶν</span> <span class='ocrx_word' id='word_1_295' title='bbox 737 2193 837 2249; x_wconf 84' lang='grc' dir='ltr'>σκελῶν</span> <span class='ocrx_word' id='word_1_296' title='bbox 851 2193 899 2250; x_wconf 84' lang='grc' dir='ltr'><strong>οὐκ</strong></span> <span class='ocrx_word' id='word_1_297' title='bbox 944 2196 1044 2246; x_wconf 90' lang='lat' dir='ltr'><strong>omniuo</strong></span> <span class='ocrx_word' id='word_1_298' title='bbox 1065 2199 1172 2247; x_wconf 87' lang='lat' dir='ltr'><strong>terrestri</strong></span> <span class='ocrx_word' id='word_1_299' title='bbox 1199 2198 1296 2248; x_wconf 87' lang='lat' dir='ltr'><strong>animali</strong></span> <span class='ocrx_word' id='word_1_300' title='bbox 1319 2201 1345 2247; x_wconf 90' lang='lat' dir='ltr'><strong>et</strong></span> <span class='ocrx_word' id='word_1_301' title='bbox 1365 2200 1477 2261; x_wconf 88' lang='lat' dir='ltr'><strong>aquatico</strong></span> <span class='ocrx_word' id='word_1_302' title='bbox 1499 2200 1620 2249; x_wconf 87' lang='lat' dir='ltr'><strong>contraria</strong></span> <span class='ocrx_word' id='word_1_303' title='bbox 1643 2203 1745 2253; x_wconf 81' lang='lat' dir='ltr'><strong>rabone</strong></span> 
     </span>
     <span class='ocr_line' id='line_1_22' title="bbox 110 2278 1743 2362; baseline 0.001 -23"><span class='ocrx_word' id='word_1_304' title='bbox 110 2280 221 2348; x_wconf 80' lang='grc' dir='ltr'>ἀναλλάξ</span> <span class='ocrx_word' id='word_1_305' title='bbox 240 2281 365 2360; x_wconf 82' lang='grc' dir='ltr'>ἑκατέρου</span> <span class='ocrx_word' id='word_1_306' title='bbox 386 2280 431 2339; x_wconf 82' lang='grc' dir='ltr'><strong>καὶ</strong></span> <span class='ocrx_word' id='word_1_307' title='bbox 452 2280 524 2359; x_wconf 83' lang='grc' dir='ltr'>παρὰ</span> <span class='ocrx_word' id='word_1_308' title='bbox 540 2280 617 2362; x_wconf 80' lang='grc' dir='ltr'>μέρος</span> <span class='ocrx_word' id='word_1_309' title='bbox 631 2278 823 2352; x_wconf 77' lang='grc' dir='ltr'>ἐπιὸαίνοντος,</span> <span class='ocrx_word' id='word_1_310' title='bbox 839 2282 898 2337; x_wconf 84' lang='grc' dir='ltr'>ἀλλ’</span> <span class='ocrx_word' id='word_1_311' title='bbox 944 2285 1070 2347; x_wconf 86' lang='lat' dir='ltr'><strong>vacillans,</strong></span> <span class='ocrx_word' id='word_1_312' title='bbox 1083 2285 1194 2335; x_wconf 87' lang='lat' dir='ltr'><strong>cruribus</strong></span> <span class='ocrx_word' id='word_1_313' title='bbox 1203 2300 1250 2335; x_wconf 92' lang='lat' dir='ltr'><strong>non</strong></span> <span class='ocrx_word' id='word_1_314' title='bbox 1264 2290 1438 2349; x_wconf 78' lang='lat' dir='ltr'><strong>permutantur,</strong></span> <span class='ocrx_word' id='word_1_315' title='bbox 1452 2300 1498 2337; x_wconf 89' lang='lat' dir='ltr'><strong>nec</strong></span> <span class='ocrx_word' id='word_1_316' title='bbox 1509 2288 1609 2337; x_wconf 86' lang='lat' dir='ltr'><strong>alternis</strong></span> <span class='ocrx_word' id='word_1_317' title='bbox 1619 2288 1743 2340; x_wconf 86' lang='lat' dir='ltr'><strong>inceden-</strong></span> 
     </span>
     <span class='ocr_line' id='line_1_23' title="bbox 8 2366 1742 2448; baseline 0.002 -22"><span class='ocrx_word' id='word_1_318' title='bbox 8 2366 11 2371; x_wconf 67' lang='grc'><strong><em>’</em></strong></span> <span class='ocrx_word' id='word_1_319' title='bbox 109 2368 165 2448; x_wconf 75' lang='grc' dir='ltr'>ἰδία</span> <span class='ocrx_word' id='word_1_320' title='bbox 182 2368 229 2444; x_wconf 80' lang='grc' dir='ltr'><strong>μὲν</strong></span> <span class='ocrx_word' id='word_1_321' title='bbox 252 2376 305 2426; x_wconf 87' lang='grc' dir='ltr'>τοῖν</span> <span class='ocrx_word' id='word_1_322' title='bbox 326 2370 395 2427; x_wconf 84' lang='grc' dir='ltr'>δυοῖν</span> <span class='ocrx_word' id='word_1_323' title='bbox 414 2369 459 2426; x_wconf 79' lang='grc' dir='ltr'><strong>καὶ</strong></span> <span class='ocrx_word' id='word_1_324' title='bbox 474 2369 530 2442; x_wconf 77' lang='grc' dir='ltr'><strong>ἅμα</strong></span> <span class='ocrx_word' id='word_1_325' title='bbox 545 2373 596 2427; x_wconf 90' lang='grc' dir='ltr'><strong>τῶν</strong></span> <span class='ocrx_word' id='word_1_326' title='bbox 615 2370 642 2427; x_wconf 83' lang='grc' dir='ltr'>έν</span> <span class='ocrx_word' id='word_1_327' title='bbox 663 2368 749 2447; x_wconf 75' lang='grc' dir='ltr'>δεξιᾷ,</span> <span class='ocrx_word' id='word_1_328' title='bbox 770 2367 851 2448; x_wconf 84' lang='grc' dir='ltr'>χωρίς</span> <span class='ocrx_word' id='word_1_329' title='bbox 870 2368 897 2426; x_wconf 81' lang='grc' dir='ltr'><strong>δέ</strong></span> <span class='ocrx_word' id='word_1_330' title='bbox 945 2373 1200 2435; x_wconf 85' lang='lat' dir='ltr'><strong>tibus,sedseorsunr</strong></span> <span class='ocrx_word' id='word_1_331' title='bbox 1221 2375 1480 2425; x_wconf 87' lang='lat' dir='ltr'><strong>etsimulduobusin</strong></span> <span class='ocrx_word' id='word_1_332' title='bbox 1496 2375 1581 2426; x_wconf 81' lang='lat' dir='ltr'><strong>dextra</strong></span> <span class='ocrx_word' id='word_1_333' title='bbox 1602 2382 1689 2439; x_wconf 91' lang='lat' dir='ltr'><strong>parte,</strong></span> <span class='ocrx_word' id='word_1_334' title='bbox 1705 2380 1742 2428; x_wconf 89' lang='lat' dir='ltr'><strong>si·</strong></span> 
     </span>
     <span class='ocr_line' id='line_1_24' title="bbox 2 2454 1742 2537; baseline 0.001 -22"><span class='ocrx_word' id='word_1_335' title='bbox 2 2470 6 2483; x_wconf 88' lang='grc'>·</span> <span class='ocrx_word' id='word_1_336' title='bbox 109 2457 155 2515; x_wconf 78' lang='grc' dir='ltr'><strong>καὶ</strong></span> <span class='ocrx_word' id='word_1_337' title='bbox 167 2457 277 2533; x_wconf 82' lang='grc' dir='ltr'>ζυγηδδν</span> <span class='ocrx_word' id='word_1_338' title='bbox 289 2459 342 2514; x_wconf 92' lang='grc' dir='ltr'><strong>τῶν</strong></span> <span class='ocrx_word' id='word_1_339' title='bbox 352 2456 492 2532; x_wconf 81' lang='grc' dir='ltr'>εὐωνύμων</span> <span class='ocrx_word' id='word_1_340' title='bbox 506 2456 552 2515; x_wconf 87' lang='grc' dir='ltr'><strong>οὑν</strong></span> <span class='ocrx_word' id='word_1_341' title='bbox 565 2455 721 2537; x_wconf 80' lang='grc' dir='ltr'>έκατέρφιτῇ</span> <span class='ocrx_word' id='word_1_342' title='bbox 737 2454 897 2536; x_wconf 81' lang='grc' dir='ltr'>ἐπαιρομένῃ</span> <span class='ocrx_word' id='word_1_343' title='bbox 944 2462 1044 2524; x_wconf 78' lang='lat' dir='ltr'><strong>gillatim</strong></span> <span class='ocrx_word' id='word_1_344' title='bbox 1063 2465 1143 2512; x_wconf 89' lang='lat' dir='ltr'><strong>autem</strong></span> <span class='ocrx_word' id='word_1_345' title='bbox 1155 2466 1180 2513; x_wconf 93' lang='lat' dir='ltr'><strong>et</strong></span> <span class='ocrx_word' id='word_1_346' title='bbox 1192 2463 1341 2525; x_wconf 82' lang='lat' dir='ltr'><strong>coniunctim</strong></span> <span class='ocrx_word' id='word_1_347' title='bbox 1354 2463 1472 2526; x_wconf 86' lang='lat' dir='ltr'><strong>sinistris,</strong></span> <span class='ocrx_word' id='word_1_348' title='bbox 1490 2464 1562 2514; x_wconf 88' lang='lat' dir='ltr'><strong>simul</strong></span> <span class='ocrx_word' id='word_1_349' title='bbox 1581 2469 1653 2514; x_wconf 88' lang='lat' dir='ltr'><strong>moto</strong></span> <span class='ocrx_word' id='word_1_350' title='bbox 1671 2470 1742 2517; x_wconf 92' lang='lat' dir='ltr'><strong>utro-</strong></span> 
     </span>
     <span class='ocr_line' id='line_1_25' title="bbox 38 2542 1742 2624; baseline 0.003 -23"><span class='ocrx_word' id='word_1_351' title='bbox 38 2580 40 2585; x_wconf 94' lang='lat'>·</span> <span class='ocrx_word' id='word_1_352' title='bbox 109 2547 211 2624; x_wconf 68' lang='lat' dir='ltr'><strong>obsepit</strong></span> <span class='ocrx_word' id='word_1_353' title='bbox 228 2542 447 2620; x_wconf 86' lang='grc' dir='ltr'>μετατιθεμένων.</span> <span class='ocrx_word' id='word_1_354' title='bbox 490 2543 586 2605; x_wconf 65' lang='lat' dir='ltr'><strong>‘oieb</strong></span> <span class='ocrx_word' id='word_1_355' title='bbox 608 2544 714 2603; x_wconf 88' lang='grc' dir='ltr'>δὀὑτω</span> <span class='ocrx_word' id='word_1_356' title='bbox 735 2544 897 2616; x_wconf 71' lang='grc' dir='ltr'>τὴνκίνησιν</span> <span class='ocrx_word' id='word_1_357' title='bbox 944 2563 991 2614; x_wconf 84' lang='lat' dir='ltr'><strong>que</strong></span> <span class='ocrx_word' id='word_1_358' title='bbox 1014 2550 1088 2601; x_wconf 89' lang='lat' dir='ltr'><strong>latere</strong></span> <span class='ocrx_word' id='word_1_359' title='bbox 1108 2565 1159 2601; x_wconf 88' lang='lat' dir='ltr'><strong>sese</strong></span> <span class='ocrx_word' id='word_1_360' title='bbox 1180 2552 1400 2615; x_wconf 87' lang='lat' dir='ltr'><strong>transponenttbus.</strong></span> <span class='ocrx_word' id='word_1_361' title='bbox 1434 2555 1508 2602; x_wconf 84' lang='lat' dir='ltr'><strong>Porro</strong></span> <span class='ocrx_word' id='word_1_362' title='bbox 1524 2553 1585 2603; x_wconf 86' lang='lat' dir='ltr'><strong>adeo</strong></span> <span class='ocrx_word' id='word_1_363' title='bbox 1603 2553 1689 2606; x_wconf 88' lang='lat' dir='ltr'><strong>babile</strong></span> <span class='ocrx_word' id='word_1_364' title='bbox 1707 2557 1742 2605; x_wconf 81' lang='lat' dir='ltr'><strong>ad</strong></span> 
     </span>
     <span class='ocr_line' id='line_1_26' title="bbox 6 2620 1742 2712; baseline 0.002 -23"><span class='ocrx_word' id='word_1_365' title='bbox 6 2620 15 2647; x_wconf 40' lang='grc' dir='ltr'>Ἰ</span> <span class='ocrx_word' id='word_1_366' title='bbox 68 2655 95 2696; x_wconf 75' lang='lat' dir='ltr'><strong>aa</strong></span> <span class='ocrx_word' id='word_1_367' title='bbox 109 2632 155 2689; x_wconf 82' lang='grc' dir='ltr'><strong>καῖ</strong></span> <span class='ocrx_word' id='word_1_368' title='bbox 173 2631 279 2690; x_wconf 84' lang='grc' dir='ltr'>τίθασον</span> <span class='ocrx_word' id='word_1_369' title='bbox 299 2631 347 2702; x_wconf 79' lang='grc' dir='ltr'><strong>τὴν</strong></span> <span class='ocrx_word' id='word_1_370' title='bbox 368 2630 430 2707; x_wconf 73' lang='grc' dir='ltr'>ἕξιν,</span> <span class='ocrx_word' id='word_1_371' title='bbox 453 2629 516 2691; x_wconf 77' lang='grc' dir='ltr'>ὥσθ’</span> <span class='ocrx_word' id='word_1_372' title='bbox 530 2633 580 2691; x_wconf 85' lang='grc' dir='ltr'><strong>ὑπὸ</strong></span> <span class='ocrx_word' id='word_1_373' title='bbox 592 2634 689 2705; x_wconf 82' lang='grc' dir='ltr'>λεπτῆς</span> <span class='ocrx_word' id='word_1_374' title='bbox 701 2631 842 2711; x_wconf 86' lang='grc' dir='ltr'>μηρίνθου,</span> <span class='ocrx_word' id='word_1_375' title='bbox 864 2637 896 2712; x_wconf 81' lang='grc' dir='ltr'><strong>τῇ</strong></span> <span class='ocrx_word' id='word_1_376' title='bbox 944 2642 1038 2688; x_wconf 90' lang='lat' dir='ltr'><strong>motum</strong></span> <span class='ocrx_word' id='word_1_377' title='bbox 1059 2646 1083 2689; x_wconf 90' lang='lat' dir='ltr'><strong>et</strong></span> <span class='ocrx_word' id='word_1_378' title='bbox 1101 2642 1254 2689; x_wconf 90' lang='lat' dir='ltr'><strong>mansuetum</strong></span> <span class='ocrx_word' id='word_1_379' title='bbox 1269 2654 1297 2689; x_wconf 90' lang='lat' dir='ltr'><strong>ac</strong></span> <span class='ocrx_word' id='word_1_380' title='bbox 1314 2640 1388 2701; x_wconf 83' lang='lat' dir='ltr'><strong>cicun,</strong></span> <span class='ocrx_word' id='word_1_381' title='bbox 1405 2640 1490 2689; x_wconf 89' lang='lat' dir='ltr'><strong>babitu</strong></span> <span class='ocrx_word' id='word_1_382' title='bbox 1506 2654 1537 2690; x_wconf 81' lang='lat' dir='ltr'><strong>ex</strong></span> <span class='ocrx_word' id='word_1_383' title='bbox 1556 2643 1742 2693; x_wconf 79' lang='lat' dir='ltr'><strong>assuefactione</strong></span> 
     </span>
     <span class='ocr_line' id='line_1_27' title="bbox 111 2720 1741 2803; baseline 0.001 -24"><span class='ocrx_word' id='word_1_384' title='bbox 111 2724 212 2800; x_wconf 83' lang='grc' dir='ltr'>κορυφῇ</span> <span class='ocrx_word' id='word_1_385' title='bbox 233 2720 459 2800; x_wconf 87' lang='grc' dir='ltr'>περιελιχθείσης,</span> <span class='ocrx_word' id='word_1_386' title='bbox 476 2721 585 2798; x_wconf 85' lang='grc' dir='ltr'>ἄγεσθαι</span> <span class='ocrx_word' id='word_1_387' title='bbox 607 2720 671 2803; x_wconf 83' lang='grc' dir='ltr'>πρὸς</span> <span class='ocrx_word' id='word_1_388' title='bbox 684 2727 730 2780; x_wconf 81' lang='grc' dir='ltr'>τοὺ</span> <span class='ocrx_word' id='word_1_389' title='bbox 751 2720 897 2802; x_wconf 88' lang='grc' dir='ltr'>θηροκόμου</span> <span class='ocrx_word' id='word_1_390' title='bbox 944 2730 1097 2791; x_wconf 82' lang='lat' dir='ltr'><strong>comparato,</strong></span> <span class='ocrx_word' id='word_1_391' title='bbox 1111 2734 1138 2776; x_wconf 89' lang='lat' dir='ltr'><strong>ut</strong></span> <span class='ocrx_word' id='word_1_392' title='bbox 1152 2728 1236 2790; x_wconf 87' lang='lat' dir='ltr'><strong>gracili</strong></span> <span class='ocrx_word' id='word_1_393' title='bbox 1254 2728 1360 2777; x_wconf 84' lang='lat' dir='ltr'><strong>laniculo</strong></span> <span class='ocrx_word' id='word_1_394' title='bbox 1377 2727 1461 2778; x_wconf 80' lang='lat' dir='ltr'><strong>vertici</strong></span> <span class='ocrx_word' id='word_1_395' title='bbox 1477 2727 1648 2779; x_wconf 88' lang='lat' dir='ltr'><strong>circumducto</strong></span> <span class='ocrx_word' id='word_1_396' title='bbox 1659 2743 1741 2781; x_wconf 79' lang='grc' dir='ltr'>σιτισ-</span> 
     </span>
     <span class='ocr_line' id='line_1_28' title="bbox 110 2807 1740 2889; baseline 0.002 -25"><span class='ocrx_word' id='word_1_397' title='bbox 110 2808 230 2886; x_wconf 80' lang='grc' dir='ltr'>κοθάπερ</span> <span class='ocrx_word' id='word_1_398' title='bbox 254 2807 363 2888; x_wconf 88' lang='grc' dir='ltr'>ἀφύκτῳ</span> <span class='ocrx_word' id='word_1_399' title='bbox 384 2810 474 2888; x_wconf 79' lang='grc' dir='ltr'>δεσμῷ</span> <span class='ocrx_word' id='word_1_400' title='bbox 488 2812 526 2889; x_wconf 82' lang='grc' dir='ltr'><strong>τῷ</strong></span> <span class='ocrx_word' id='word_1_401' title='bbox 551 2808 649 2868; x_wconf 77' lang='grc' dir='ltr'>ἐκείνου</span> <span class='ocrx_word' id='word_1_402' title='bbox 668 2809 816 2887; x_wconf 74' lang='grc' dir='ltr'>βουλήματι</span> <span class='ocrx_word' id='word_1_403' title='bbox 835 2810 896 2881; x_wconf 82' lang='grc' dir='ltr'>ὑδη·</span> <span class='ocrx_word' id='word_1_404' title='bbox 942 2815 1017 2879; x_wconf 80' lang='lat' dir='ltr'><strong>gistro</strong></span> <span class='ocrx_word' id='word_1_405' title='bbox 1038 2817 1168 2878; x_wconf 75' lang='lat' dir='ltr'><strong>regeretur,</strong></span> <span class='ocrx_word' id='word_1_406' title='bbox 1185 2819 1301 2878; x_wconf 82' lang='lat' dir='ltr'><strong>tanquam</strong></span> <span class='ocrx_word' id='word_1_407' title='bbox 1320 2815 1459 2865; x_wconf 80' lang='lat' dir='ltr'><strong>inevitabile</strong></span> <span class='ocrx_word' id='word_1_408' title='bbox 1479 2816 1603 2865; x_wconf 79' lang='lat' dir='ltr'><strong>vinculum</strong></span> <span class='ocrx_word' id='word_1_409' title='bbox 1623 2817 1679 2879; x_wconf 76' lang='lat' dir='ltr'><strong>eius</strong></span> <span class='ocrx_word' id='word_1_410' title='bbox 1692 2831 1740 2868; x_wconf 88' lang='lat' dir='ltr'><strong>ro-</strong></span> 
     </span>
     <span class='ocr_line' id='line_1_29' title="bbox 109 2893 1739 2978; baseline 0.003 -25"><span class='ocrx_word' id='word_1_411' title='bbox 109 2893 245 2972; x_wconf 87' lang='grc' dir='ltr'>γούμενον.</span> <span class='ocrx_word' id='word_1_412' title='bbox 294 2900 381 2957; x_wconf 83' lang='grc' dir='ltr'>Τοῦτο</span> <span class='ocrx_word' id='word_1_413' title='bbox 404 2896 483 2978; x_wconf 83' lang='grc' dir='ltr'>φανὲν</span> <span class='ocrx_word' id='word_1_414' title='bbox 508 2896 539 2956; x_wconf 86' lang='grc' dir='ltr'><strong>τδ</strong></span> <span class='ocrx_word' id='word_1_415' title='bbox 564 2901 646 2978; x_wconf 81' lang='grc' dir='ltr'>ζῷον,</span> <span class='ocrx_word' id='word_1_416' title='bbox 673 2897 703 2955; x_wconf 84' lang='grc' dir='ltr'><strong>τὸ</strong></span> <span class='ocrx_word' id='word_1_417' title='bbox 727 2895 774 2973; x_wconf 82' lang='grc' dir='ltr'><strong>μέν</strong></span> <span class='ocrx_word' id='word_1_418' title='bbox 799 2900 897 2970; x_wconf 78' lang='grc' dir='ltr'>πλῆθος</span> <span class='ocrx_word' id='word_1_419' title='bbox 943 2904 1061 2953; x_wconf 88' lang='lat' dir='ltr'><strong>luntatem</strong></span> <span class='ocrx_word' id='word_1_420' title='bbox 1075 2904 1162 2954; x_wconf 91' lang='lat' dir='ltr'><strong>docem</strong></span> <span class='ocrx_word' id='word_1_421' title='bbox 1181 2917 1291 2966; x_wconf 72' lang='lat' dir='ltr'><strong>moueris.</strong></span> <span class='ocrx_word' id='word_1_422' title='bbox 1325 2901 1477 2954; x_wconf 83' lang='lat' dir='ltr'><strong>llocanimal</strong></span> <span class='ocrx_word' id='word_1_423' title='bbox 1493 2918 1549 2954; x_wconf 89' lang='lat' dir='ltr'><strong>cum</strong></span> <span class='ocrx_word' id='word_1_424' title='bbox 1567 2907 1739 2970; x_wconf 74' lang='lat' dir='ltr'><strong>apparuisset,</strong></span> 
     </span>
     <span class='ocr_line' id='line_1_30' title="bbox 111 2977 1739 3061; baseline 0.003 -20"><span class='ocrx_word' id='word_1_425' title='bbox 111 2981 182 3041; x_wconf 78' lang='grc' dir='ltr'>ἅπαν</span> <span class='ocrx_word' id='word_1_426' title='bbox 197 2982 321 3056; x_wconf 71' lang='grc' dir='ltr'>ἐξέπληξε</span> <span class='ocrx_word' id='word_1_427' title='bbox 341 2984 387 3043; x_wconf 79' lang='grc' dir='ltr'><strong>καὶ</strong></span> <span class='ocrx_word' id='word_1_428' title='bbox 401 2984 526 3061; x_wconf 83' lang='grc' dir='ltr'>ὄνοματὸ</span> <span class='ocrx_word' id='word_1_429' title='bbox 544 2977 611 3053; x_wconf 78' lang='grc' dir='ltr'>εἶδος</span> <span class='ocrx_word' id='word_1_430' title='bbox 625 2984 788 3061; x_wconf 79' lang='grc' dir='ltr'>έλάμὸανεν,</span> <span class='ocrx_word' id='word_1_431' title='bbox 804 2987 896 3044; x_wconf 80' lang='grc' dir='ltr'>ἐκτῶν</span> <span class='ocrx_word' id='word_1_432' title='bbox 942 2992 1122 3043; x_wconf 87' lang='lat' dir='ltr'><strong>multitudinem</strong></span> <span class='ocrx_word' id='word_1_433' title='bbox 1144 2991 1241 3056; x_wconf 85' lang='lat' dir='ltr'><strong>quidem</strong></span> <span class='ocrx_word' id='word_1_434' title='bbox 1255 2994 1332 3042; x_wconf 87' lang='lat' dir='ltr'><strong>totam</strong></span> <span class='ocrx_word' id='word_1_435' title='bbox 1351 2992 1453 3054; x_wconf 87' lang='lat' dir='ltr'><strong>perculit</strong></span> <span class='ocrx_word' id='word_1_436' title='bbox 1468 2995 1492 3043; x_wconf 92' lang='lat' dir='ltr'><strong>et</strong></span> <span class='ocrx_word' id='word_1_437' title='bbox 1510 3005 1599 3044; x_wconf 89' lang='lat' dir='ltr'><strong>nomen</strong></span> <span class='ocrx_word' id='word_1_438' title='bbox 1620 3007 1636 3042; x_wconf 87' lang='lat' dir='ltr'><strong>a</strong></span> <span class='ocrx_word' id='word_1_439' title='bbox 1656 2994 1739 3058; x_wconf 75' lang='lat' dir='ltr'><strong>figure</strong></span> 
     </span>
     <span class='ocr_line' id='line_1_31' title="bbox 69 3072 1739 3155; baseline 0.001 -24"><span class='ocrx_word' id='word_1_440' title='bbox 69 3085 97 3131; x_wconf 81' lang='lat' dir='ltr'><strong>tt</strong></span> <span class='ocrx_word' id='word_1_441' title='bbox 110 3072 334 3151; x_wconf 79' lang='grc' dir='ltr'>έπικρατεστέρων</span> <span class='ocrx_word' id='word_1_442' title='bbox 358 3077 403 3132; x_wconf 80' lang='grc' dir='ltr'><strong>τοῦ</strong></span> <span class='ocrx_word' id='word_1_443' title='bbox 424 3072 546 3150; x_wconf 84' lang='grc' dir='ltr'>σώματος</span> <span class='ocrx_word' id='word_1_444' title='bbox 567 3074 743 3154; x_wconf 78' lang='grc' dir='ltr'>αὐτοσχεδίως</span> <span class='ocrx_word' id='word_1_445' title='bbox 764 3074 829 3155; x_wconf 84' lang='grc' dir='ltr'>πρὸς</span> <span class='ocrx_word' id='word_1_446' title='bbox 849 3080 895 3134; x_wconf 81' lang='grc' dir='ltr'><strong>τοῦ</strong></span> <span class='ocrx_word' id='word_1_447' title='bbox 941 3083 1055 3130; x_wconf 89' lang='lat' dir='ltr'><strong>sortitum</strong></span> <span class='ocrx_word' id='word_1_448' title='bbox 1068 3085 1145 3140; x_wconf 85' lang='lat' dir='ltr'><strong>est,a</strong></span> <span class='ocrx_word' id='word_1_449' title='bbox 1163 3081 1290 3144; x_wconf 72' lang='lat' dir='ltr'><strong>praecipuis</strong></span> <span class='ocrx_word' id='word_1_450' title='bbox 1301 3082 1409 3144; x_wconf 87' lang='lat' dir='ltr'><strong>eorporis</strong></span> <span class='ocrx_word' id='word_1_451' title='bbox 1420 3082 1528 3143; x_wconf 91' lang='lat' dir='ltr'><strong>partibus</strong></span> <span class='ocrx_word' id='word_1_452' title='bbox 1545 3096 1577 3132; x_wconf 82' lang='lat' dir='ltr'><strong>ex</strong></span> <span class='ocrx_word' id='word_1_453' title='bbox 1595 3086 1711 3147; x_wconf 88' lang='lat' dir='ltr'><strong>tempore</strong></span> <span class='ocrx_word' id='word_1_454' title='bbox 1722 3098 1739 3133; x_wconf 86' lang='lat' dir='ltr'><strong>a</strong></span> 
     </span>
     <span class='ocr_line' id='line_1_32' title="bbox 4 3160 1739 3244; baseline 0.002 -24"><span class='ocrx_word' id='word_1_455' title='bbox 4 3180 7 3185; x_wconf 85' lang='grc'><em>’</em></span> <span class='ocrx_word' id='word_1_456' title='bbox 109 3161 194 3239; x_wconf 79' lang='grc' dir='ltr'>δήμου</span> <span class='ocrx_word' id='word_1_457' title='bbox 215 3160 454 3240; x_wconf 81' lang='grc' dir='ltr'>καμηλοπάρδαλις</span> <span class='ocrx_word' id='word_1_458' title='bbox 463 3161 656 3244; x_wconf 85' lang='grc' dir='ltr'>κατηγορηθέν·</span> <span class='ocrx_word' id='word_1_459' title='bbox 670 3162 787 3243; x_wconf 83' lang='grc' dir='ltr'>ταράχου</span> <span class='ocrx_word' id='word_1_460' title='bbox 798 3163 828 3242; x_wconf 76' lang='grc' dir='ltr'><strong>γε</strong></span> <span class='ocrx_word' id='word_1_461' title='bbox 843 3162 895 3239; x_wconf 73' lang='grc' dir='ltr'><strong>μὴν</strong></span> <span class='ocrx_word' id='word_1_462' title='bbox 942 3170 1033 3232; x_wconf 90' lang='lat' dir='ltr'><strong>populo</strong></span> <span class='ocrx_word' id='word_1_463' title='bbox 1053 3168 1254 3232; x_wconf 84' lang='lat' dir='ltr'><strong>camelopardalis</strong></span> <span class='ocrx_word' id='word_1_464' title='bbox 1272 3170 1426 3219; x_wconf 88' lang='lat' dir='ltr'><strong>nominatum</strong></span> <span class='ocrx_word' id='word_1_465' title='bbox 1448 3189 1455 3219; x_wconf 81' lang='grc' dir='ltr'><strong>ε</strong></span> <span class='ocrx_word' id='word_1_466' title='bbox 1476 3171 1583 3220; x_wconf 90' lang='lat' dir='ltr'><strong>tumultu</strong></span> <span class='ocrx_word' id='word_1_467' title='bbox 1601 3174 1689 3222; x_wconf 86' lang='lat' dir='ltr'><strong>autem</strong></span> <span class='ocrx_word' id='word_1_468' title='bbox 1711 3178 1739 3223; x_wconf 85' lang='lat' dir='ltr'><strong>et</strong></span> 
     </span>
     <span class='ocr_line' id='line_1_33' title="bbox 108 3250 1406 3329; baseline 0 -22"><span class='ocrx_word' id='word_1_469' title='bbox 108 3251 156 3322; x_wconf 72' lang='grc' dir='ltr'><strong>τὴν</strong></span> <span class='ocrx_word' id='word_1_470' title='bbox 170 3250 317 3329; x_wconf 75' lang='grc' dir='ltr'>πανήγυριν</span> <span class='ocrx_word' id='word_1_471' title='bbox 335 3251 472 3322; x_wconf 83' lang='grc' dir='ltr'>ἐνέπλησε.</span> <span class='ocrx_word' id='word_1_472' title='bbox 942 3257 1122 3319; x_wconf 85' lang='lat' dir='ltr'><strong>perturbatione</strong></span> <span class='ocrx_word' id='word_1_473' title='bbox 1134 3255 1272 3320; x_wconf 77' lang='lat' dir='ltr'><strong>panegyrim</strong></span> <span class='ocrx_word' id='word_1_474' title='bbox 1288 3258 1406 3320; x_wconf 83' lang='lat' dir='ltr'><strong>implerit.</strong></span> 
     </span>
     <span class='ocr_line' id='line_1_34' title="bbox 149 3338 1741 3419; baseline 0 -20"><span class='ocrx_word' id='word_1_475' title='bbox 149 3339 222 3399; x_wconf 82' lang='lat' dir='ltr'><strong>lill&#39;.</strong></span> <span class='ocrx_word' id='word_1_476' title='bbox 246 3339 367 3416; x_wconf 87' lang='grc' dir='ltr'>Γίγνεται</span> <span class='ocrx_word' id='word_1_477' title='bbox 378 3339 429 3419; x_wconf 85' lang='grc' dir='ltr'><strong>γάρ</strong></span> <span class='ocrx_word' id='word_1_478' title='bbox 444 3361 468 3395; x_wconf 90' lang='grc' dir='ltr'><strong>τι</strong></span> <span class='ocrx_word' id='word_1_479' title='bbox 483 3342 592 3397; x_wconf 80' lang='grc' dir='ltr'>τοιοῦτο.</span> <span class='ocrx_word' id='word_1_480' title='bbox 635 3340 683 3416; x_wconf 79' lang='grc' dir='ltr'><strong>Τῷ</strong></span> <span class='ocrx_word' id='word_1_481' title='bbox 696 3342 780 3418; x_wconf 82' lang='grc' dir='ltr'>βωμῷ</span> <span class='ocrx_word' id='word_1_482' title='bbox 790 3343 836 3410; x_wconf 80' lang='grc' dir='ltr'><strong>τῆς</strong></span> <span class='ocrx_word' id='word_1_483' title='bbox 848 3338 895 3414; x_wconf 84' lang='grc' dir='ltr'><strong>μέν</strong></span> <span class='ocrx_word' id='word_1_484' title='bbox 973 3347 1083 3394; x_wconf 80' lang='lat' dir='ltr'><strong>Xlli&#39;ltl.</strong></span> <span class='ocrx_word' id='word_1_485' title='bbox 1100 3344 1194 3394; x_wconf 79' lang='lat' dir='ltr'><strong>Accidit</strong></span> <span class='ocrx_word' id='word_1_486' title='bbox 1205 3345 1269 3394; x_wconf 88' lang='lat' dir='ltr'><strong>enim</strong></span> <span class='ocrx_word' id='word_1_487' title='bbox 1282 3346 1330 3396; x_wconf 83' lang='lat' dir='ltr'><strong>tale</strong></span> <span class='ocrx_word' id='word_1_488' title='bbox 1340 3345 1464 3408; x_wconf 87' lang='lat' dir='ltr'><strong>quiddam.</strong></span> <span class='ocrx_word' id='word_1_489' title='bbox 1496 3351 1552 3397; x_wconf 80' lang='lat' dir='ltr'><strong>Aras</strong></span> <span class='ocrx_word' id='word_1_490' title='bbox 1563 3348 1642 3396; x_wconf 83' lang='lat' dir='ltr'><strong>Lunae</strong></span> <span class='ocrx_word' id='word_1_491' title='bbox 1654 3347 1741 3399; x_wconf 67' lang='lat' dir='ltr'><strong>adstaa</strong></span> 
     </span>
     <span class='ocr_line' id='line_1_35' title="bbox 1 3424 1739 3508; baseline 0 -22"><span class='ocrx_word' id='word_1_492' title='bbox 1 3479 3 3486; x_wconf 93' lang='lat'><em>.</em></span> <span class='ocrx_word' id='word_1_493' title='bbox 107 3424 255 3498; x_wconf 83' lang='grc' dir='ltr'>Σεληνοίας</span> <span class='ocrx_word' id='word_1_494' title='bbox 267 3425 439 3505; x_wconf 78' lang='grc' dir='ltr'>παρειστήκει</span> <span class='ocrx_word' id='word_1_495' title='bbox 454 3425 555 3506; x_wconf 76' lang='grc' dir='ltr'>ταύρων</span> <span class='ocrx_word' id='word_1_496' title='bbox 571 3424 746 3508; x_wconf 52' lang='lat' dir='ltr'><strong>locupletos</strong></span> <span class='ocrx_word' id='word_1_497' title='bbox 758 3426 781 3485; x_wconf 84' lang='grc' dir='ltr'><strong>δ’</strong></span> <span class='ocrx_word' id='word_1_498' title='bbox 793 3426 894 3501; x_wconf 77' lang='grc' dir='ltr'>Ἦλθον,</span> <span class='ocrx_word' id='word_1_499' title='bbox 941 3434 983 3484; x_wconf 89' lang='lat' dir='ltr'><strong>bat</strong></span> <span class='ocrx_word' id='word_1_500' title='bbox 993 3434 1080 3497; x_wconf 84' lang='lat' dir='ltr'><strong>jugum</strong></span> <span class='ocrx_word' id='word_1_501' title='bbox 1091 3432 1254 3498; x_wconf 89' lang='lat' dir='ltr'><strong>boum,solis</strong></span> <span class='ocrx_word' id='word_1_502' title='bbox 1263 3437 1344 3483; x_wconf 89' lang='lat' dir='ltr'><strong>autem</strong></span> <span class='ocrx_word' id='word_1_503' title='bbox 1356 3435 1479 3499; x_wconf 74' lang='lat' dir='ltr'><strong>quadrigas</strong></span> <span class='ocrx_word' id='word_1_504' title='bbox 1488 3448 1607 3500; x_wconf 86' lang='lat' dir='ltr'><strong>equorum</strong></span> <span class='ocrx_word' id='word_1_505' title='bbox 1619 3435 1739 3487; x_wconf 84' lang='lat' dir='ltr'><strong>alborum</strong></span> 
     </span>
     <span class='ocr_line' id='line_1_36' title="bbox 67 3510 1738 3595; baseline 0.003 -24"><span class='ocrx_word' id='word_1_506' title='bbox 67 3531 94 3572; x_wconf 79' lang='lat' dir='ltr'><strong>au</strong></span> <span class='ocrx_word' id='word_1_507' title='bbox 108 3510 236 3593; x_wconf 82' lang='grc' dir='ltr'>τέτρωρον</span> <span class='ocrx_word' id='word_1_508' title='bbox 252 3511 341 3571; x_wconf 76' lang='grc' dir='ltr'>ἵππων</span> <span class='ocrx_word' id='word_1_509' title='bbox 356 3516 457 3573; x_wconf 87' lang='grc' dir='ltr'>λευκῶν</span> <span class='ocrx_word' id='word_1_510' title='bbox 471 3516 507 3580; x_wconf 79' lang='grc' dir='ltr'><strong>εἰς</strong></span> <span class='ocrx_word' id='word_1_511' title='bbox 532 3513 580 3586; x_wconf 69' lang='grc' dir='ltr'><strong>τὴν</strong></span> <span class='ocrx_word' id='word_1_512' title='bbox 600 3516 747 3595; x_wconf 83' lang='grc' dir='ltr'>ίερουργίαν</span> <span class='ocrx_word' id='word_1_513' title='bbox 770 3517 893 3595; x_wconf 84' lang='grc' dir='ltr'>ηὑτρεπι-</span> <span class='ocrx_word' id='word_1_514' title='bbox 942 3523 973 3571; x_wconf 91' lang='lat' dir='ltr'><strong>ad</strong></span> <span class='ocrx_word' id='word_1_515' title='bbox 995 3523 1164 3573; x_wconf 84' lang='lat' dir='ltr'><strong>mactationem</strong></span> <span class='ocrx_word' id='word_1_516' title='bbox 1180 3525 1378 3587; x_wconf 65' lang='lat' dir='ltr'><strong>praeparatorum.</strong></span> <span class='ocrx_word' id='word_1_517' title='bbox 1410 3527 1485 3574; x_wconf 88' lang='lat' dir='ltr'><strong>Porro</strong></span> <span class='ocrx_word' id='word_1_518' title='bbox 1499 3539 1556 3575; x_wconf 90' lang='lat' dir='ltr'><strong>cum</strong></span> <span class='ocrx_word' id='word_1_519' title='bbox 1575 3525 1738 3588; x_wconf 72' lang='lat' dir='ltr'><strong>peregrinum</strong></span> 
     </span>
     <span class='ocr_line' id='line_1_37' title="bbox 106 3598 1739 3684; baseline 0.003 -26"><span class='ocrx_word' id='word_1_520' title='bbox 106 3598 221 3677; x_wconf 87' lang='grc' dir='ltr'>σμένων.</span> <span class='ocrx_word' id='word_1_521' title='bbox 265 3600 349 3660; x_wconf 90' lang='grc' dir='ltr'>Ξένου</span> <span class='ocrx_word' id='word_1_522' title='bbox 364 3600 396 3672; x_wconf 81' lang='grc' dir='ltr'><strong>δὴ</strong></span> <span class='ocrx_word' id='word_1_523' title='bbox 409 3600 454 3660; x_wconf 78' lang='lat' dir='ltr'><strong>xci</strong></span> <span class='ocrx_word' id='word_1_524' title='bbox 466 3602 562 3673; x_wconf 78' lang='grc' dir='ltr'>ἀήθους</span> <span class='ocrx_word' id='word_1_525' title='bbox 573 3604 619 3660; x_wconf 85' lang='grc' dir='ltr'><strong>καὶ</strong></span> <span class='ocrx_word' id='word_1_526' title='bbox 630 3603 688 3662; x_wconf 87' lang='grc' dir='ltr'>τότε</span> <span class='ocrx_word' id='word_1_527' title='bbox 700 3606 804 3684; x_wconf 89' lang='grc' dir='ltr'>πρῶτον</span> <span class='ocrx_word' id='word_1_528' title='bbox 819 3606 894 3663; x_wconf 85' lang='grc' dir='ltr'>ἀλλο-</span> <span class='ocrx_word' id='word_1_529' title='bbox 941 3617 965 3661; x_wconf 84' lang='lat' dir='ltr'><strong>et</strong></span> <span class='ocrx_word' id='word_1_530' title='bbox 983 3611 1232 3662; x_wconf 88' lang='lat' dir='ltr'><strong>inusitatumettune</strong></span> <span class='ocrx_word' id='word_1_531' title='bbox 1246 3613 1350 3674; x_wconf 88' lang='lat' dir='ltr'><strong>primum</strong></span> <span class='ocrx_word' id='word_1_532' title='bbox 1365 3618 1529 3663; x_wconf 90' lang='lat' dir='ltr'><strong>monstrosum</strong></span> <span class='ocrx_word' id='word_1_533' title='bbox 1544 3613 1637 3663; x_wconf 88' lang='lat' dir='ltr'><strong>auimal</strong></span> <span class='ocrx_word' id='word_1_534' title='bbox 1657 3628 1739 3678; x_wconf 88' lang='lat' dir='ltr'><strong>appa·</strong></span> 
     </span>
     <span class='ocr_line' id='line_1_38' title="bbox 46 3686 1739 3773; baseline 0.005 -27"><span class='ocrx_word' id='word_1_535' title='bbox 46 3756 48 3761; x_wconf 88' lang='lat'><em>.</em></span> <span class='ocrx_word' id='word_1_536' title='bbox 107 3687 184 3748; x_wconf 84' lang='grc' dir='ltr'>κότου</span> <span class='ocrx_word' id='word_1_537' title='bbox 204 3686 271 3770; x_wconf 78' lang='grc' dir='ltr'>ζῴου</span> <span class='ocrx_word' id='word_1_538' title='bbox 289 3688 425 3770; x_wconf 86' lang='grc' dir='ltr'>φανέντος,</span> <span class='ocrx_word' id='word_1_539' title='bbox 448 3690 526 3749; x_wconf 79' lang='grc' dir='ltr'>οἱονεὶ</span> <span class='ocrx_word' id='word_1_540' title='bbox 547 3690 612 3769; x_wconf 79' lang='grc' dir='ltr'>πρὸς</span> <span class='ocrx_word' id='word_1_541' title='bbox 631 3691 724 3772; x_wconf 89' lang='grc' dir='ltr'>φάσμα</span> <span class='ocrx_word' id='word_1_542' title='bbox 746 3693 894 3773; x_wconf 88' lang='grc' dir='ltr'>διαταραχ-</span> <span class='ocrx_word' id='word_1_543' title='bbox 941 3700 1041 3763; x_wconf 88' lang='lat' dir='ltr'><strong>ruisset,</strong></span> <span class='ocrx_word' id='word_1_544' title='bbox 1054 3704 1171 3764; x_wconf 87' lang='lat' dir='ltr'><strong>tanquam</strong></span> <span class='ocrx_word' id='word_1_545' title='bbox 1185 3704 1280 3764; x_wconf 90' lang='lat' dir='ltr'><strong>spectro</strong></span> <span class='ocrx_word' id='word_1_546' title='bbox 1300 3702 1449 3764; x_wconf 86' lang='lat' dir='ltr'><strong>perturbati,</strong></span> <span class='ocrx_word' id='word_1_547' title='bbox 1464 3705 1556 3752; x_wconf 86' lang='lat' dir='ltr'><strong>terrore</strong></span> <span class='ocrx_word' id='word_1_548' title='bbox 1569 3702 1665 3765; x_wconf 84' lang='lat' dir='ltr'><strong>impleti</strong></span> <span class='ocrx_word' id='word_1_549' title='bbox 1676 3707 1739 3754; x_wconf 88' lang='lat' dir='ltr'><strong>sunt</strong></span> 
     </span>
     <span class='ocr_line' id='line_1_39' title="bbox 106 3775 1739 3861; baseline 0.006 -28"><span class='ocrx_word' id='word_1_550' title='bbox 106 3775 208 3848; x_wconf 85' lang='grc' dir='ltr'>θέντες,</span> <span class='ocrx_word' id='word_1_551' title='bbox 230 3777 322 3843; x_wconf 90' lang='grc' dir='ltr'>πτοίας</span> <span class='ocrx_word' id='word_1_552' title='bbox 344 3776 368 3834; x_wconf 87' lang='grc' dir='ltr'><strong>τ’</strong></span> <span class='ocrx_word' id='word_1_553' title='bbox 389 3779 582 3854; x_wconf 79' lang='grc' dir='ltr'>ἐνεπίμπλαντο</span> <span class='ocrx_word' id='word_1_554' title='bbox 596 3779 642 3838; x_wconf 74' lang='grc' dir='ltr'><strong>καὶ</strong></span> <span class='ocrx_word' id='word_1_555' title='bbox 662 3782 714 3837; x_wconf 90' lang='grc' dir='ltr'><strong>τῶν</strong></span> <span class='ocrx_word' id='word_1_556' title='bbox 728 3782 893 3861; x_wconf 85' lang='grc' dir='ltr'>κατεχόντων</span> <span class='ocrx_word' id='word_1_557' title='bbox 940 3794 1061 3839; x_wconf 90' lang='lat' dir='ltr'><strong>eteorum</strong></span> <span class='ocrx_word' id='word_1_558' title='bbox 1073 3791 1115 3853; x_wconf 88' lang='lat' dir='ltr'><strong>qui</strong></span> <span class='ocrx_word' id='word_1_559' title='bbox 1128 3790 1242 3841; x_wconf 88' lang='lat' dir='ltr'><strong>tenebant</strong></span> <span class='ocrx_word' id='word_1_560' title='bbox 1255 3790 1360 3840; x_wconf 78' lang='lat' dir='ltr'><strong>vinculis</strong></span> <span class='ocrx_word' id='word_1_561' title='bbox 1373 3791 1464 3854; x_wconf 91' lang='lat' dir='ltr'><strong>ruptis,</strong></span> <span class='ocrx_word' id='word_1_562' title='bbox 1477 3806 1508 3841; x_wconf 81' lang='lat' dir='ltr'><strong>ex</strong></span> <span class='ocrx_word' id='word_1_563' title='bbox 1520 3790 1596 3840; x_wconf 86' lang='lat' dir='ltr'><strong>tauris</strong></span> <span class='ocrx_word' id='word_1_564' title='bbox 1614 3792 1679 3841; x_wconf 83' lang='lat' dir='ltr'><strong>alter</strong></span> <span class='ocrx_word' id='word_1_565' title='bbox 1691 3792 1739 3855; x_wconf 84' lang='lat' dir='ltr'><strong>qui</strong></span> 
     </span>
     <span class='ocr_line' id='line_1_40' title="bbox 106 3861 1739 3949; baseline 0.005 -28"><span class='ocrx_word' id='word_1_566' title='bbox 106 3861 140 3921; x_wconf 87' lang='grc' dir='ltr'><strong>τδι</strong></span> <span class='ocrx_word' id='word_1_567' title='bbox 153 3864 240 3942; x_wconf 87' lang='grc' dir='ltr'>δεσμδι</span> <span class='ocrx_word' id='word_1_568' title='bbox 255 3864 450 3946; x_wconf 81' lang='grc' dir='ltr'>σπαράξαντες,</span> <span class='ocrx_word' id='word_1_569' title='bbox 465 3871 517 3926; x_wconf 89' lang='grc' dir='ltr'><strong>τῶν</strong></span> <span class='ocrx_word' id='word_1_570' title='bbox 535 3892 564 3927; x_wconf 92' lang='grc' dir='ltr'><strong>τε</strong></span> <span class='ocrx_word' id='word_1_571' title='bbox 583 3866 686 3948; x_wconf 84' lang='grc' dir='ltr'>ταύρων</span> <span class='ocrx_word' id='word_1_572' title='bbox 698 3867 800 3949; x_wconf 80' lang='grc' dir='ltr'>ἕτερος,</span> <span class='ocrx_word' id='word_1_573' title='bbox 814 3872 828 3927; x_wconf 85' lang='grc' dir='ltr'>ὑ</span> <span class='ocrx_word' id='word_1_574' title='bbox 845 3871 893 3948; x_wconf 84' lang='grc' dir='ltr'>μα’·</span> <span class='ocrx_word' id='word_1_575' title='bbox 939 3878 1005 3928; x_wconf 85' lang='lat' dir='ltr'><strong>solus</strong></span> <span class='ocrx_word' id='word_1_576' title='bbox 1020 3880 1047 3928; x_wconf 94' lang='lat' dir='ltr'><strong>ut</strong></span> <span class='ocrx_word' id='word_1_577' title='bbox 1058 3878 1157 3929; x_wconf 87' lang='lat' dir='ltr'><strong>ridetur</strong></span> <span class='ocrx_word' id='word_1_578' title='bbox 1168 3878 1256 3928; x_wconf 88' lang='lat' dir='ltr'><strong>animal</strong></span> <span class='ocrx_word' id='word_1_579' title='bbox 1270 3882 1427 3941; x_wconf 79' lang='lat' dir='ltr'><strong>conspexerat</strong></span> <span class='ocrx_word' id='word_1_580' title='bbox 1441 3881 1466 3928; x_wconf 92' lang='lat' dir='ltr'><strong>et</strong></span> <span class='ocrx_word' id='word_1_581' title='bbox 1480 3879 1528 3928; x_wconf 92' lang='lat' dir='ltr'><strong>duo</strong></span> <span class='ocrx_word' id='word_1_582' title='bbox 1542 3879 1598 3941; x_wconf 87' lang='lat' dir='ltr'><strong>equi</strong></span> <span class='ocrx_word' id='word_1_583' title='bbox 1612 3879 1640 3929; x_wconf 89' lang='lat' dir='ltr'><strong>in</strong></span> <span class='ocrx_word' id='word_1_584' title='bbox 1651 3880 1739 3942; x_wconf 77' lang='lat' dir='ltr'><strong>togam</strong></span> 
     </span>
     <span class='ocr_line' id='line_1_41' title="bbox 67 3953 1738 4034; baseline 0.005 -23"><span class='ocrx_word' id='word_1_585' title='bbox 67 3971 163 4024; x_wconf 83' lang='grc' dir='ltr'>ιυνος,</span> <span class='ocrx_word' id='word_1_586' title='bbox 186 3957 220 4019; x_wconf 86' lang='grc' dir='ltr'><strong>ὡς</strong></span> <span class='ocrx_word' id='word_1_587' title='bbox 245 3953 312 4012; x_wconf 78' lang='grc' dir='ltr'>ἔοικε</span> <span class='ocrx_word' id='word_1_588' title='bbox 335 3954 365 4013; x_wconf 89' lang='grc' dir='ltr'><strong>τδ</strong></span> <span class='ocrx_word' id='word_1_589' title='bbox 385 3955 472 4034; x_wconf 86' lang='grc' dir='ltr'>θηρίον</span> <span class='ocrx_word' id='word_1_590' title='bbox 493 3955 685 4022; x_wconf 84' lang='grc' dir='ltr'>κατωπτευκὼς</span> <span class='ocrx_word' id='word_1_591' title='bbox 708 3957 753 4016; x_wconf 79' lang='grc' dir='ltr'><strong>καί</strong></span> <span class='ocrx_word' id='word_1_592' title='bbox 777 3957 822 4017; x_wconf 89' lang='grc' dir='ltr'><strong>δύο</strong></span> <span class='ocrx_word' id='word_1_593' title='bbox 842 3962 893 4017; x_wconf 89' lang='grc' dir='ltr'><strong>τῶν</strong></span> <span class='ocrx_word' id='word_1_594' title='bbox 940 3965 1042 4016; x_wconf 88' lang='lat' dir='ltr'><strong>eltusam</strong></span> <span class='ocrx_word' id='word_1_595' title='bbox 1063 3981 1115 4016; x_wconf 78' lang='lat' dir='ltr'><strong>sese</strong></span> <span class='ocrx_word' id='word_1_596' title='bbox 1140 3967 1304 4029; x_wconf 89' lang='lat' dir='ltr'><strong>concitarunt,</strong></span> <span class='ocrx_word' id='word_1_597' title='bbox 1327 3980 1482 4030; x_wconf 83' lang='lat' dir='ltr'><strong>perrumpere</strong></span> <span class='ocrx_word' id='word_1_598' title='bbox 1510 3966 1608 4031; x_wconf 85' lang='lat' dir='ltr'><strong>quidem</strong></span> <span class='ocrx_word' id='word_1_599' title='bbox 1636 3971 1738 4031; x_wconf 86' lang='lat' dir='ltr'><strong>septum</strong></span> 
     </span>
     <span class='ocr_line' id='line_1_42' title="bbox 104 4036 1739 4125; baseline 0.009 -30"><span class='ocrx_word' id='word_1_600' title='bbox 104 4036 192 4096; x_wconf 79' lang='grc' dir='ltr'>ἵππων</span> <span class='ocrx_word' id='word_1_601' title='bbox 215 4044 251 4107; x_wconf 80' lang='grc' dir='ltr'><strong>εἰς</strong></span> <span class='ocrx_word' id='word_1_602' title='bbox 274 4041 357 4122; x_wconf 79' lang='grc' dir='ltr'>φυγὴν</span> <span class='ocrx_word' id='word_1_603' title='bbox 379 4042 559 4123; x_wconf 80' lang='grc' dir='ltr'>ἀκατάσχετον</span> <span class='ocrx_word' id='word_1_604' title='bbox 583 4042 724 4125; x_wconf 84' lang='grc' dir='ltr'>ὥρμησαν,</span> <span class='ocrx_word' id='word_1_605' title='bbox 747 4047 892 4107; x_wconf 86' lang='grc' dir='ltr'>διεκπεσεῖν</span> <span class='ocrx_word' id='word_1_606' title='bbox 940 4057 1061 4105; x_wconf 83' lang='lat' dir='ltr'><strong>exereitus</strong></span> <span class='ocrx_word' id='word_1_607' title='bbox 1070 4059 1232 4118; x_wconf 87' lang='lat' dir='ltr'><strong>nequeuntes,</strong></span> <span class='ocrx_word' id='word_1_608' title='bbox 1243 4070 1300 4106; x_wconf 89' lang='lat' dir='ltr'><strong>cum</strong></span> <span class='ocrx_word' id='word_1_609' title='bbox 1310 4057 1436 4107; x_wconf 76' lang='lat' dir='ltr'><strong>confertim</strong></span> <span class='ocrx_word' id='word_1_610' title='bbox 1446 4057 1549 4108; x_wconf 86' lang='lat' dir='ltr'><strong>densatis</strong></span> <span class='ocrx_word' id='word_1_611' title='bbox 1557 4058 1634 4107; x_wconf 87' lang='lat' dir='ltr'><strong>scutis</strong></span> <span class='ocrx_word' id='word_1_612' title='bbox 1644 4059 1739 4111; x_wconf 81' lang='lat' dir='ltr'><strong>militas</strong></span> 
     </span>
     <span class='ocr_line' id='line_1_43' title="bbox 105 4127 1738 4218; baseline 0.009 -33"><span class='ocrx_word' id='word_1_613' title='bbox 105 4128 154 4205; x_wconf 77' lang='grc' dir='ltr'><strong>μὲν</strong></span> <span class='ocrx_word' id='word_1_614' title='bbox 172 4127 216 4187; x_wconf 90' lang='grc' dir='ltr'><strong>τδν</strong></span> <span class='ocrx_word' id='word_1_615' title='bbox 230 4130 370 4209; x_wconf 80' lang='grc' dir='ltr'>περίὸολον</span> <span class='ocrx_word' id='word_1_616' title='bbox 384 4137 428 4189; x_wconf 83' lang='grc' dir='ltr'><strong>τοῦ</strong></span> <span class='ocrx_word' id='word_1_617' title='bbox 445 4137 557 4212; x_wconf 82' lang='grc' dir='ltr'>στρατοῦ</span> <span class='ocrx_word' id='word_1_618' title='bbox 573 4134 610 4209; x_wconf 74' lang='grc' dir='ltr'>μὴ</span> <span class='ocrx_word' id='word_1_619' title='bbox 633 4135 788 4210; x_wconf 85' lang='grc' dir='ltr'>δυνάμενοι,</span> <span class='ocrx_word' id='word_1_620' title='bbox 801 4140 893 4218; x_wconf 82' lang='grc' dir='ltr'>πυκνῷ</span> <span class='ocrx_word' id='word_1_621' title='bbox 939 4147 1055 4207; x_wconf 86' lang='lat' dir='ltr'><strong>tanquam</strong></span> <span class='ocrx_word' id='word_1_622' title='bbox 1069 4157 1167 4192; x_wconf 88' lang='lat' dir='ltr'><strong>murum</strong></span> <span class='ocrx_word' id='word_1_623' title='bbox 1179 4145 1204 4193; x_wconf 93' lang='lat' dir='ltr'><strong>in</strong></span> <span class='ocrx_word' id='word_1_624' title='bbox 1216 4146 1344 4196; x_wconf 89' lang='lat' dir='ltr'><strong>circuitum</strong></span> <span class='ocrx_word' id='word_1_625' title='bbox 1357 4146 1497 4207; x_wconf 68' lang='lat' dir='ltr'><strong>duximent,</strong></span> <span class='ocrx_word' id='word_1_626' title='bbox 1510 4149 1640 4196; x_wconf 84' lang='lat' dir='ltr'><strong>currentes</strong></span> <span class='ocrx_word' id='word_1_627' title='bbox 1649 4150 1738 4199; x_wconf 84' lang='lat' dir='ltr'><strong>autem</strong></span> 
     </span>
     <span class='ocr_line' id='line_1_44' title="bbox 105 4219 1740 4303; baseline 0.009 -29"><span class='ocrx_word' id='word_1_628' title='bbox 105 4219 142 4295; x_wconf 79' lang='grc' dir='ltr'><strong>τῷ</strong></span> <span class='ocrx_word' id='word_1_629' title='bbox 152 4222 330 4299; x_wconf 82' lang='grc' dir='ltr'>συνασπισμῷ</span> <span class='ocrx_word' id='word_1_630' title='bbox 345 4222 396 4277; x_wconf 90' lang='grc' dir='ltr'><strong>τῶν</strong></span> <span class='ocrx_word' id='word_1_631' title='bbox 408 4221 522 4279; x_wconf 75' lang='grc' dir='ltr'>ὁπλιτῶν</span> <span class='ocrx_word' id='word_1_632' title='bbox 534 4223 568 4288; x_wconf 84' lang='grc' dir='ltr'><strong>εἰς</strong></span> <span class='ocrx_word' id='word_1_633' title='bbox 580 4222 674 4281; x_wconf 89' lang='grc' dir='ltr'>κύκλον</span> <span class='ocrx_word' id='word_1_634' title='bbox 685 4223 893 4303; x_wconf 81' lang='grc' dir='ltr'>τετειχισμένον,</span> <span class='ocrx_word' id='word_1_635' title='bbox 939 4233 990 4283; x_wconf 87' lang='lat' dir='ltr'><strong>sine</strong></span> <span class='ocrx_word' id='word_1_636' title='bbox 1007 4232 1090 4282; x_wconf 90' lang='lat' dir='ltr'><strong>ordine</strong></span> <span class='ocrx_word' id='word_1_637' title='bbox 1102 4236 1127 4282; x_wconf 92' lang='lat' dir='ltr'><strong>et</strong></span> <span class='ocrx_word' id='word_1_638' title='bbox 1138 4235 1242 4296; x_wconf 88' lang='lat' dir='ltr'><strong>spatium</strong></span> <span class='ocrx_word' id='word_1_639' title='bbox 1256 4234 1362 4285; x_wconf 88' lang='lat' dir='ltr'><strong>medium</strong></span> <span class='ocrx_word' id='word_1_640' title='bbox 1373 4235 1490 4298; x_wconf 78' lang='lat' dir='ltr'><strong>precipiti</strong></span> <span class='ocrx_word' id='word_1_641' title='bbox 1500 4248 1572 4284; x_wconf 88' lang='lat' dir='ltr'><strong>curso</strong></span> <span class='ocrx_word' id='word_1_642' title='bbox 1588 4234 1740 4288; x_wconf 83' lang='lat' dir='ltr'><strong>oberrantes</strong></span> 
     </span>
     <span class='ocr_line' id='line_1_45' title="bbox 105 4305 1738 4391; baseline 0.007 -27"><span class='ocrx_word' id='word_1_643' title='bbox 105 4305 241 4386; x_wconf 82' lang='grc' dir='ltr'>φυρόμενοι</span> <span class='ocrx_word' id='word_1_644' title='bbox 256 4306 279 4367; x_wconf 85' lang='grc' dir='ltr'><strong>δ’</strong></span> <span class='ocrx_word' id='word_1_645' title='bbox 292 4306 409 4375; x_wconf 78' lang='grc' dir='ltr'>ἀτάκτως</span> <span class='ocrx_word' id='word_1_646' title='bbox 424 4309 469 4367; x_wconf 85' lang='grc' dir='ltr'><strong>καὶ</strong></span> <span class='ocrx_word' id='word_1_647' title='bbox 480 4308 511 4368; x_wconf 85' lang='grc' dir='ltr'><strong>τδ</strong></span> <span class='ocrx_word' id='word_1_648' title='bbox 521 4316 630 4387; x_wconf 82' lang='grc' dir='ltr'>μεσεῶον</span> <span class='ocrx_word' id='word_1_649' title='bbox 646 4310 717 4369; x_wconf 86' lang='grc' dir='ltr'>ἀπαν</span> <span class='ocrx_word' id='word_1_650' title='bbox 736 4312 840 4391; x_wconf 88' lang='grc' dir='ltr'>δρόμοις</span> <span class='ocrx_word' id='word_1_651' title='bbox 849 4336 893 4372; x_wconf 89' lang='grc' dir='ltr'><strong>σε·</strong></span> <span class='ocrx_word' id='word_1_652' title='bbox 938 4324 964 4370; x_wconf 89' lang='lat' dir='ltr'><strong>et</strong></span> <span class='ocrx_word' id='word_1_653' title='bbox 975 4320 1078 4383; x_wconf 82' lang='lat' dir='ltr'><strong>quodvis</strong></span> <span class='ocrx_word' id='word_1_654' title='bbox 1095 4320 1195 4371; x_wconf 83' lang='lat' dir='ltr'><strong>obvium</strong></span> <span class='ocrx_word' id='word_1_655' title='bbox 1208 4322 1288 4372; x_wconf 89' lang='lat' dir='ltr'><strong>medio</strong></span> <span class='ocrx_word' id='word_1_656' title='bbox 1307 4324 1331 4372; x_wconf 92' lang='lat' dir='ltr'><strong>in</strong></span> <span class='ocrx_word' id='word_1_657' title='bbox 1349 4324 1426 4386; x_wconf 89' lang='lat' dir='ltr'><strong>spatio</strong></span> <span class='ocrx_word' id='word_1_658' title='bbox 1445 4337 1486 4372; x_wconf 89' lang='lat' dir='ltr'><strong>seu</strong></span> <span class='ocrx_word' id='word_1_659' title='bbox 1506 4336 1563 4382; x_wconf 81' lang='lat' dir='ltr'><strong>ras,</strong></span> <span class='ocrx_word' id='word_1_660' title='bbox 1576 4336 1621 4372; x_wconf 86' lang='lat' dir='ltr'><strong>seu</strong></span> <span class='ocrx_word' id='word_1_661' title='bbox 1643 4325 1738 4376; x_wconf 79' lang='lat' dir='ltr'><strong>animat</strong></span> 
     </span>
     <span class='ocr_line' id='line_1_46' title="bbox 64 4393 1741 4479; baseline 0.008 -28"><span class='ocrx_word' id='word_1_662' title='bbox 64 4411 91 4452; x_wconf 80' lang='lat' dir='ltr'><strong>ts</strong></span> <span class='ocrx_word' id='word_1_663' title='bbox 105 4393 259 4471; x_wconf 79' lang='grc' dir='ltr'>σοὸημένοις</span> <span class='ocrx_word' id='word_1_664' title='bbox 283 4396 465 4470; x_wconf 76' lang='grc' dir='ltr'>ἀξελίττοντες,</span> <span class='ocrx_word' id='word_1_665' title='bbox 488 4397 565 4457; x_wconf 86' lang='grc' dir='ltr'>τότε</span> <span class='ocrx_word' id='word_1_666' title='bbox 584 4399 732 4479; x_wconf 83' lang='grc' dir='ltr'>προστυχὸν</span> <span class='ocrx_word' id='word_1_667' title='bbox 749 4398 819 4458; x_wconf 76' lang='grc' dir='ltr'>ἅπαν</span> <span class='ocrx_word' id='word_1_668' title='bbox 841 4400 892 4459; x_wconf 83' lang='grc' dir='ltr'>εἴτε</span> <span class='ocrx_word' id='word_1_669' title='bbox 938 4411 1074 4459; x_wconf 84' lang='lat' dir='ltr'><strong>evertentes</strong></span> <span class='ocrx_word' id='word_1_670' title='bbox 1097 4428 1103 4459; x_wconf 81' lang='grc' dir='ltr'>ι</span> <span class='ocrx_word' id='word_1_671' title='bbox 1124 4410 1158 4459; x_wconf 93' lang='lat' dir='ltr'><strong>ita</strong></span> <span class='ocrx_word' id='word_1_672' title='bbox 1177 4413 1205 4460; x_wconf 90' lang='lat' dir='ltr'><strong>ut</strong></span> <span class='ocrx_word' id='word_1_673' title='bbox 1222 4412 1315 4460; x_wconf 86' lang='lat' dir='ltr'><strong>clamor</strong></span> <span class='ocrx_word' id='word_1_674' title='bbox 1327 4410 1418 4461; x_wconf 77' lang='lat' dir='ltr'><strong>mixtus</strong></span> <span class='ocrx_word' id='word_1_675' title='bbox 1433 4412 1558 4461; x_wconf 89' lang='lat' dir='ltr'><strong>tolleretur</strong></span> <span class='ocrx_word' id='word_1_676' title='bbox 1572 4411 1606 4460; x_wconf 88' lang='lat' dir='ltr'><strong>ab</strong></span> <span class='ocrx_word' id='word_1_677' title='bbox 1626 4411 1652 4462; x_wconf 94' lang='lat' dir='ltr'><strong>id</strong></span> <span class='ocrx_word' id='word_1_678' title='bbox 1667 4414 1741 4476; x_wconf 82' lang='lat' dir='ltr'><strong>qood</strong></span> 
     </span>
     <span class='ocr_line' id='line_1_47' title="bbox 105 4484 1740 4566; baseline 0.007 -25"><span class='ocrx_word' id='word_1_679' title='bbox 105 4487 195 4551; x_wconf 76' lang='grc' dir='ltr'>σκεῦος</span> <span class='ocrx_word' id='word_1_680' title='bbox 205 4484 256 4543; x_wconf 84' lang='grc' dir='ltr'>εἴτε</span> <span class='ocrx_word' id='word_1_681' title='bbox 269 4489 333 4566; x_wconf 80' lang='grc' dir='ltr'>ζῷον</span> <span class='ocrx_word' id='word_1_682' title='bbox 345 4484 547 4566; x_wconf 86' lang='grc' dir='ltr'>ἀνατρέποντες·</span> <span class='ocrx_word' id='word_1_683' title='bbox 561 4485 628 4545; x_wconf 82' lang='grc' dir='ltr'>ὥστε</span> <span class='ocrx_word' id='word_1_684' title='bbox 641 4487 685 4545; x_wconf 72' lang='grc' dir='ltr'><strong>καί</strong></span> <span class='ocrx_word' id='word_1_685' title='bbox 699 4486 763 4566; x_wconf 76' lang='grc' dir='ltr'>βοὴν</span> <span class='ocrx_word' id='word_1_686' title='bbox 774 4486 892 4566; x_wconf 81' lang='grc' dir='ltr'>αἴρεσθαι</span> <span class='ocrx_word' id='word_1_687' title='bbox 939 4497 1025 4555; x_wconf 82' lang='lat' dir='ltr'><strong>fiebat,</strong></span> <span class='ocrx_word' id='word_1_688' title='bbox 1046 4497 1134 4559; x_wconf 88' lang='lat' dir='ltr'><strong>partim</strong></span> <span class='ocrx_word' id='word_1_689' title='bbox 1147 4512 1197 4561; x_wconf 88' lang='lat' dir='ltr'><strong>prre</strong></span> <span class='ocrx_word' id='word_1_690' title='bbox 1219 4501 1285 4549; x_wconf 92' lang='lat' dir='ltr'><strong>metu</strong></span> <span class='ocrx_word' id='word_1_691' title='bbox 1305 4500 1336 4548; x_wconf 88' lang='lat' dir='ltr'><strong>ab</strong></span> <span class='ocrx_word' id='word_1_692' title='bbox 1348 4500 1384 4548; x_wconf 92' lang='lat' dir='ltr'><strong>bis</strong></span> <span class='ocrx_word' id='word_1_693' title='bbox 1402 4499 1432 4548; x_wconf 90' lang='lat' dir='ltr'><strong>ad</strong></span> <span class='ocrx_word' id='word_1_694' title='bbox 1450 4513 1511 4561; x_wconf 80' lang='lat' dir='ltr'><strong>quos</strong></span> <span class='ocrx_word' id='word_1_695' title='bbox 1527 4498 1601 4548; x_wconf 89' lang='lat' dir='ltr'><strong>delati</strong></span> <span class='ocrx_word' id='word_1_696' title='bbox 1619 4500 1740 4562; x_wconf 71' lang='lat' dir='ltr'><strong>ineant,</strong></span> 
     </span>
     <span class='ocr_line' id='line_1_48' title="bbox 105 4566 1739 4653; baseline 0.005 -23"><span class='ocrx_word' id='word_1_697' title='bbox 105 4578 225 4651; x_wconf 76' lang='grc' dir='ltr'>συμμιγῆ</span> <span class='ocrx_word' id='word_1_698' title='bbox 240 4575 305 4653; x_wconf 85' lang='grc' dir='ltr'>πρὸς</span> <span class='ocrx_word' id='word_1_699' title='bbox 326 4574 356 4633; x_wconf 86' lang='grc' dir='ltr'><strong>τδ</strong></span> <span class='ocrx_word' id='word_1_700' title='bbox 375 4575 543 4652; x_wconf 90' lang='grc' dir='ltr'>γιγνόμενον,</span> <span class='ocrx_word' id='word_1_701' title='bbox 560 4572 606 4646; x_wconf 83' lang='grc' dir='ltr'><strong>τὴν</strong></span> <span class='ocrx_word' id='word_1_702' title='bbox 628 4575 675 4653; x_wconf 78' lang='grc' dir='ltr'><strong>μὲν</strong></span> <span class='ocrx_word' id='word_1_703' title='bbox 689 4575 740 4634; x_wconf 84' lang='grc' dir='ltr'><strong>ὑπὸ</strong></span> <span class='ocrx_word' id='word_1_704' title='bbox 763 4573 834 4642; x_wconf 89' lang='grc' dir='ltr'>δέους</span> <span class='ocrx_word' id='word_1_705' title='bbox 856 4566 892 4642; x_wconf 70' lang='grc' dir='ltr'><strong>οἷς</strong></span> <span class='ocrx_word' id='word_1_706' title='bbox 939 4585 1025 4648; x_wconf 88' lang='lat' dir='ltr'><strong>partim</strong></span> <span class='ocrx_word' id='word_1_707' title='bbox 1039 4599 1089 4648; x_wconf 78' lang='lat' dir='ltr'><strong>pra·</strong></span> <span class='ocrx_word' id='word_1_708' title='bbox 1101 4586 1226 4649; x_wconf 78' lang='lat' dir='ltr'><strong>uoluptate</strong></span> <span class='ocrx_word' id='word_1_709' title='bbox 1238 4587 1269 4636; x_wconf 88' lang='lat' dir='ltr'><strong>ab</strong></span> <span class='ocrx_word' id='word_1_710' title='bbox 1282 4587 1343 4648; x_wconf 89' lang='lat' dir='ltr'><strong>iltis,</strong></span> <span class='ocrx_word' id='word_1_711' title='bbox 1363 4588 1451 4649; x_wconf 85' lang='lat' dir='ltr'><strong>quibus</strong></span> <span class='ocrx_word' id='word_1_712' title='bbox 1464 4587 1524 4636; x_wconf 90' lang='lat' dir='ltr'><strong>dum</strong></span> <span class='ocrx_word' id='word_1_713' title='bbox 1541 4587 1566 4636; x_wconf 90' lang='lat' dir='ltr'><strong>in</strong></span> <span class='ocrx_word' id='word_1_714' title='bbox 1579 4587 1644 4638; x_wconf 88' lang='lat' dir='ltr'><strong>alios</strong></span> <span class='ocrx_word' id='word_1_715' title='bbox 1655 4588 1739 4640; x_wconf 86' lang='lat' dir='ltr'><strong>insili·</strong></span> 
     </span>
    </p>
   </div>
   <div class='ocr_carea' id='block_1_8' title="bbox 64 4748 1741 5275">
    <p class='ocr_par' dir='ltr' id='par_1_9' title="bbox 64 4748 1741 5275">
     <span class='ocr_line' id='line_1_49' title="bbox 105 4748 1741 4831; baseline 0.01 -29"><span class='ocrx_word' id='word_1_716' title='bbox 105 4748 288 4823; x_wconf 72' lang='grc' dir='ltr'>ἐναλλόμενοι,</span> <span class='ocrx_word' id='word_1_717' title='bbox 303 4751 394 4831; x_wconf 71' lang='grc' dir='ltr'>τέρψιν</span> <span class='ocrx_word' id='word_1_718' title='bbox 405 4750 489 4809; x_wconf 76' lang='lat' dir='ltr'><strong>sexui</strong></span> <span class='ocrx_word' id='word_1_719' title='bbox 502 4750 604 4827; x_wconf 88' lang='grc' dir='ltr'>γέλωτα</span> <span class='ocrx_word' id='word_1_720' title='bbox 615 4750 724 4822; x_wconf 73' lang='grc' dir='ltr'>τὴντῶν</span> <span class='ocrx_word' id='word_1_721' title='bbox 736 4752 893 4812; x_wconf 86' lang='grc' dir='ltr'>ὑποπιπτάν-</span> <span class='ocrx_word' id='word_1_722' title='bbox 938 4761 1047 4812; x_wconf 89' lang='lat' dir='ltr'><strong>deotlum</strong></span> <span class='ocrx_word' id='word_1_723' title='bbox 1067 4763 1216 4824; x_wconf 77' lang='lat' dir='ltr'><strong>prebebant.</strong></span> <span class='ocrx_word' id='word_1_724' title='bbox 1250 4764 1412 4822; x_wconf 81' lang='lat' dir='ltr'><strong>Quamobrem</strong></span> <span class='ocrx_word' id='word_1_725' title='bbox 1431 4778 1462 4816; x_wconf 91' lang='lat' dir='ltr'><strong>ne</strong></span> <span class='ocrx_word' id='word_1_726' title='bbox 1480 4763 1578 4815; x_wconf 80' lang='lat' dir='ltr'><strong>Persius</strong></span> <span class='ocrx_word' id='word_1_727' title='bbox 1589 4764 1696 4828; x_wconf 84' lang='lat' dir='ltr'><strong>quidem</strong></span> <span class='ocrx_word' id='word_1_728' title='bbox 1712 4771 1741 4818; x_wconf 84' lang='lat' dir='ltr'><strong>et</strong></span> 
     </span>
     <span class='ocr_line' id='line_1_50' title="bbox 64 4830 1737 4921; baseline 0.009 -29"><span class='ocrx_word' id='word_1_729' title='bbox 64 4852 91 4892; x_wconf 84' lang='grc' dir='ltr'>ιο</span> <span class='ocrx_word' id='word_1_730' title='bbox 104 4856 157 4891; x_wconf 88' lang='grc' dir='ltr'><strong>των</strong></span> <span class='ocrx_word' id='word_1_731' title='bbox 168 4836 306 4914; x_wconf 75' lang='grc' dir='ltr'>συντριδήν</span> <span class='ocrx_word' id='word_1_732' title='bbox 322 4847 458 4919; x_wconf 89' lang='grc' dir='ltr'>παρεῖχον.</span> <span class='ocrx_word' id='word_1_733' title='bbox 501 4839 562 4920; x_wconf 77' lang='grc' dir='ltr'><strong>Ἐφ’</strong></span> <span class='ocrx_word' id='word_1_734' title='bbox 572 4830 699 4911; x_wconf 76' lang='grc' dir='ltr'>οἷςοθδὴ</span> <span class='ocrx_word' id='word_1_735' title='bbox 716 4840 833 4921; x_wconf 80' lang='grc' dir='ltr'>Πορσίνα</span> <span class='ocrx_word' id='word_1_736' title='bbox 847 4843 892 4901; x_wconf 87' lang='grc' dir='ltr'><strong>καῖ</strong></span> <span class='ocrx_word' id='word_1_737' title='bbox 937 4850 1063 4901; x_wconf 84' lang='lat' dir='ltr'><strong>chariclea</strong></span> <span class='ocrx_word' id='word_1_738' title='bbox 1077 4865 1174 4902; x_wconf 89' lang='lat' dir='ltr'><strong>manere</strong></span> <span class='ocrx_word' id='word_1_739' title='bbox 1188 4853 1277 4916; x_wconf 77' lang='lat' dir='ltr'><strong>quietae</strong></span> <span class='ocrx_word' id='word_1_740' title='bbox 1291 4856 1316 4904; x_wconf 89' lang='lat' dir='ltr'><strong>et</strong></span> <span class='ocrx_word' id='word_1_741' title='bbox 1330 4855 1392 4903; x_wconf 90' lang='lat' dir='ltr'><strong>intra</strong></span> <span class='ocrx_word' id='word_1_742' title='bbox 1407 4854 1593 4905; x_wconf 85' lang='lat' dir='ltr'><strong>tabernaculum</strong></span> <span class='ocrx_word' id='word_1_743' title='bbox 1604 4866 1661 4906; x_wconf 82' lang='lat' dir='ltr'><strong>sese</strong></span> <span class='ocrx_word' id='word_1_744' title='bbox 1672 4868 1737 4906; x_wconf 82' lang='lat' dir='ltr'><strong>eoa·</strong></span> 
     </span>
     <span class='ocr_line' id='line_1_51' title="bbox 106 4921 1738 5011; baseline 0.006 -28"><span class='ocrx_word' id='word_1_745' title='bbox 106 4921 283 4999; x_wconf 80' lang='grc' dir='ltr'>ἡΧαρίκλεια</span> <span class='ocrx_word' id='word_1_746' title='bbox 293 4924 378 5001; x_wconf 85' lang='grc' dir='ltr'>μένειν</span> <span class='ocrx_word' id='word_1_747' title='bbox 390 4928 557 5008; x_wconf 74' lang='grc' dir='ltr'>ἐφ’ἡσυχίας</span> <span class='ocrx_word' id='word_1_748' title='bbox 568 4929 638 4986; x_wconf 87' lang='grc' dir='ltr'>κατδι</span> <span class='ocrx_word' id='word_1_749' title='bbox 649 4927 696 5000; x_wconf 77' lang='grc' dir='ltr'><strong>τλν</strong></span> <span class='ocrx_word' id='word_1_750' title='bbox 707 4927 805 5002; x_wconf 73' lang='grc' dir='ltr'>σκηνὴν</span> <span class='ocrx_word' id='word_1_751' title='bbox 817 4931 892 5011; x_wconf 83' lang='grc' dir='ltr'>έκαρ-</span> <span class='ocrx_word' id='word_1_752' title='bbox 937 4938 1014 4988; x_wconf 90' lang='lat' dir='ltr'><strong>tinere</strong></span> <span class='ocrx_word' id='word_1_753' title='bbox 1035 4942 1180 5001; x_wconf 89' lang='lat' dir='ltr'><strong>potuerunt,</strong></span> <span class='ocrx_word' id='word_1_754' title='bbox 1196 4939 1238 4990; x_wconf 87' lang='lat' dir='ltr'><strong>sed</strong></span> <span class='ocrx_word' id='word_1_755' title='bbox 1252 4940 1371 4991; x_wconf 81' lang='lat' dir='ltr'><strong>velamine</strong></span> <span class='ocrx_word' id='word_1_756' title='bbox 1384 4942 1519 5004; x_wconf 88' lang='lat' dir='ltr'><strong>paullulum</strong></span> <span class='ocrx_word' id='word_1_757' title='bbox 1536 4944 1623 4991; x_wconf 86' lang='lat' dir='ltr'><strong>amoto</strong></span> <span class='ocrx_word' id='word_1_758' title='bbox 1641 4947 1738 5006; x_wconf 79' lang='lat' dir='ltr'><strong>specta·</strong></span> 
     </span>
     <span class='ocr_line' id='line_1_52' title="bbox 105 5006 1735 5098; baseline 0.01 -32"><span class='ocrx_word' id='word_1_759' title='bbox 105 5006 234 5088; x_wconf 84' lang='grc' dir='ltr'>τέφησαν,</span> <span class='ocrx_word' id='word_1_760' title='bbox 261 5009 330 5071; x_wconf 83' lang='grc' dir='ltr'><strong>ἀλλά</strong></span> <span class='ocrx_word' id='word_1_761' title='bbox 353 5013 383 5072; x_wconf 89' lang='grc' dir='ltr'><strong>τδ</strong></span> <span class='ocrx_word' id='word_1_762' title='bbox 406 5015 602 5092; x_wconf 86' lang='grc' dir='ltr'>καταπέτασμα</span> <span class='ocrx_word' id='word_1_763' title='bbox 629 5017 722 5097; x_wconf 75' lang='grc' dir='ltr'>μικρὸν</span> <span class='ocrx_word' id='word_1_764' title='bbox 745 5018 890 5098; x_wconf 87' lang='grc' dir='ltr'>παραστεί-</span> <span class='ocrx_word' id='word_1_765' title='bbox 939 5026 1010 5076; x_wconf 88' lang='lat' dir='ltr'><strong>trices</strong></span> <span class='ocrx_word' id='word_1_766' title='bbox 1020 5040 1105 5076; x_wconf 88' lang='lat' dir='ltr'><strong>eorum</strong></span> <span class='ocrx_word' id='word_1_767' title='bbox 1116 5042 1171 5091; x_wconf 82' lang='lat' dir='ltr'><strong>quae</strong></span> <span class='ocrx_word' id='word_1_768' title='bbox 1184 5028 1273 5078; x_wconf 83' lang='lat' dir='ltr'><strong>fiebant</strong></span> <span class='ocrx_word' id='word_1_769' title='bbox 1283 5029 1437 5079; x_wconf 82' lang='lat' dir='ltr'><strong>exsistebant.</strong></span> <span class='ocrx_word' id='word_1_770' title='bbox 1471 5029 1735 5092; x_wconf 75' lang='lat' dir='ltr'><strong>lbiTtreagenes‚seu</strong></span> 
     </span>
     <span class='ocr_line' id='line_1_53' title="bbox 105 5098 1736 5183; baseline 0.009 -29"><span class='ocrx_word' id='word_1_771' title='bbox 105 5098 199 5169; x_wconf 84' lang='grc' dir='ltr'>λασαι,</span> <span class='ocrx_word' id='word_1_772' title='bbox 223 5099 314 5179; x_wconf 80' lang='grc' dir='ltr'>θεωροὶ</span> <span class='ocrx_word' id='word_1_773' title='bbox 336 5105 388 5161; x_wconf 90' lang='grc' dir='ltr'><strong>τῶν</strong></span> <span class='ocrx_word' id='word_1_774' title='bbox 413 5103 553 5183; x_wconf 88' lang='grc' dir='ltr'>δρωμένων</span> <span class='ocrx_word' id='word_1_775' title='bbox 578 5105 719 5183; x_wconf 82' lang='grc' dir='ltr'>ἐγίγνοντο.</span> <span class='ocrx_word' id='word_1_776' title='bbox 769 5105 892 5166; x_wconf 68' lang='lat' dir='ltr'><strong>&#39;Eleate&#39;</strong></span> <span class='ocrx_word' id='word_1_777' title='bbox 938 5115 1035 5179; x_wconf 91' lang='lat' dir='ltr'><strong>proprio</strong></span> <span class='ocrx_word' id='word_1_778' title='bbox 1058 5120 1083 5166; x_wconf 93' lang='lat' dir='ltr'><strong>et</strong></span> <span class='ocrx_word' id='word_1_779' title='bbox 1103 5116 1166 5166; x_wconf 83' lang='lat' dir='ltr'><strong>virili</strong></span> <span class='ocrx_word' id='word_1_780' title='bbox 1187 5117 1272 5180; x_wconf 89' lang='lat' dir='ltr'><strong>spiritu</strong></span> <span class='ocrx_word' id='word_1_781' title='bbox 1293 5117 1422 5179; x_wconf 87' lang='lat' dir='ltr'><strong>incitatus,</strong></span> <span class='ocrx_word' id='word_1_782' title='bbox 1447 5118 1499 5169; x_wconf 82' lang='lat' dir='ltr'><strong>sire</strong></span> <span class='ocrx_word' id='word_1_783' title='bbox 1519 5118 1593 5168; x_wconf 89' lang='lat' dir='ltr'><strong>etiam</strong></span> <span class='ocrx_word' id='word_1_784' title='bbox 1615 5118 1736 5169; x_wconf 81' lang='lat' dir='ltr'><strong>divinitus</strong></span> 
     </span>
     <span class='ocr_line' id='line_1_54' title="bbox 104 5179 1732 5275; baseline 0.006 -30"><span class='ocrx_word' id='word_1_785' title='bbox 104 5184 285 5266; x_wconf 80' lang='grc' dir='ltr'>θθεαγίνης,</span> <span class='ocrx_word' id='word_1_786' title='bbox 301 5187 347 5247; x_wconf 76' lang='grc' dir='ltr'>εἴτ’</span> <span class='ocrx_word' id='word_1_787' title='bbox 362 5179 407 5248; x_wconf 81' lang='grc' dir='ltr'><strong>οὑν</strong></span> <span class='ocrx_word' id='word_1_788' title='bbox 428 5189 527 5250; x_wconf 83' lang='grc' dir='ltr'>οἴκοθεν</span> <span class='ocrx_word' id='word_1_789' title='bbox 549 5192 658 5274; x_wconf 83' lang='grc' dir='ltr'>ἀνδρείῳ</span> <span class='ocrx_word' id='word_1_790' title='bbox 679 5196 716 5275; x_wconf 80' lang='grc' dir='ltr'><strong>τῷ</strong></span> <span class='ocrx_word' id='word_1_791' title='bbox 737 5193 837 5273; x_wconf 72' lang='grc' dir='ltr'>λήματι</span> <span class='ocrx_word' id='word_1_792' title='bbox 850 5217 891 5254; x_wconf 80' lang='lat' dir='ltr'><strong>xs-</strong></span> <span class='ocrx_word' id='word_1_793' title='bbox 937 5204 1046 5255; x_wconf 87' lang='lat' dir='ltr'><strong>immisso</strong></span> <span class='ocrx_word' id='word_1_794' title='bbox 1065 5204 1155 5267; x_wconf 89' lang='lat' dir='ltr'><strong>impetu</strong></span> <span class='ocrx_word' id='word_1_795' title='bbox 1168 5219 1225 5256; x_wconf 92' lang='lat' dir='ltr'><strong>usus</strong></span> <span class='ocrx_word' id='word_1_796' title='bbox 1245 5208 1270 5256; x_wconf 93' lang='lat' dir='ltr'><strong>et</strong></span> <span class='ocrx_word' id='word_1_797' title='bbox 1290 5205 1402 5255; x_wconf 90' lang='lat' dir='ltr'><strong>custodes</strong></span> <span class='ocrx_word' id='word_1_798' title='bbox 1414 5207 1454 5268; x_wconf 85' lang='lat' dir='ltr'><strong>qui</strong></span> <span class='ocrx_word' id='word_1_799' title='bbox 1473 5205 1507 5256; x_wconf 90' lang='lat' dir='ltr'><strong>lili</strong></span> <span class='ocrx_word' id='word_1_800' title='bbox 1519 5203 1665 5257; x_wconf 75' lang='lat' dir='ltr'><strong>adstiterunt</strong></span> <span class='ocrx_word' id='word_1_801' title='bbox 1681 5204 1732 5255; x_wconf 82' lang='lat' dir='ltr'><strong>dis·</strong></span> 
     </span>
    </p>
   </div>
   <div class='ocr_carea' id='block_1_9' title="bbox 0 0 1868 5692">
    <p class='ocr_par' dir='ltr' id='par_1_10' title="bbox 0 0 1868 5692">
     <span class='ocr_line' id='line_1_55' title="bbox 0 0 1868 5692; baseline 0 2"><span class='ocrx_word' id='word_1_802' title='bbox 0 0 1868 5692; x_wconf 95' lang='lat' dir='ltr'><strong> </strong></span> 
     </span>
    </p>
   </div>
  </div>
 </body>
</html>
