3726 5692
352 352 407 403 60⁴
848 333 1197 398 PRAEFATIUNCULA.

353 470 484 554 σπουδῆς
494 498 535 544 ac
546 472 652 568 pretii
666 485 791 541 nostro
805 469 953 541 accedat
970 481 1114 567 oportet
1128 470 1291 537 Caesareae
1306 463 1533 535 bibliotlrecae
1542 464 1687 555 Codici,

353 622 482 695 quem,
502 596 531 665 si
544 618 647 664 mens
665 594 849 688 ingeniosa
857 591 1028 663 monachi
1039 643 1049 680 ,
1062 603 1131 661 ute
1142 613 1255 684 graeco
1267 589 1304 657 in
1322 588 1476 658 latinum
1488 603 1689 659 verteretur

353 719 532 818 Apollonii
546 742 660 815 opus,
678 731 824 787 centum
835 716 913 811 jam
925 715 971 786 ab
988 715 1090 786 annis
1107 714 1180 784 fere
1196 712 1453 810 compositum,
1469 712 1597 808 quinto
1618 712 1690 783 for·

354 846 445 916 sitan
469 842 599 914 sacculo
625 841 860 936 excogitavit,
882 839 1054 912 monachi
1074 864 1197 910 rursus
1218 837 1385 908 solertior
1409 836 1533 908 dextra
1557 851 1689 932 quarto

354 968 549 1040 etdecimo
571 990 657 1037 sane
672 964 860 1062 descripsit
875 978 983 1060 atque
1004 963 1180 1034 miniavit.
1559 971 1563 979 '

364 1150 366 1154 ,
407 1096 454 1163 Ut
478 1105 519 1162 ut
540 1114 615 1161 sese
641 1088 776 1159 habeat
797 1112 874 1177 res,
898 1087 1048 1159 sexti'ac
1064 1086 1196 1159 decimi
1213 1101 1309 1158 certe
1325 1086 1393 1157 sub
1419 1085 1528 1157 linem
1544 1086 1689 1174 saeculi,

355 1240 452 1285 anno
475 1214 643 1285 videlicet
665 1216 700 1282 M
717 1214 955 1301 uLxxxxV,
978 1215 1140 1307 Augustae
1162 1209 1452 1299 Vindelicorum,
1471 1234 1492 1281 e
1513 1209 1630 1308 praelis
1654 1211 1690 1281 in

356 1339 474 1409 lucem
503 1338 606 1425 exiit,
637 1334 764 1406 edente
799 1334 978 1424 Welsero,
1004 1333 1115 1406 latina
1145 1333 1310 1431 quaedam
1336 1332 1493 1431 pedestri
1522 1357 1691 1403 sermone

340 1512 342 1517 »
357 1484 521 1558 expressa
536 1457 717 1557 Apollonii
734 1457 869 1547 fabula,
889 1458 947 1530 cui
962 1456 1108 1528 titulus:
1126 1461 1294 1528 Narratio
1309 1482 1424 1527 eorum
1438 1481 1518 1554 quoe
1536 1463 1690 1551 contige·

358 1602 439 1655 runt
453 1586 639 1682 Apollonio
654 1587 686 1652 Τ
677 1589 772 1676 yrio.

406 1710 471 1779 Cui
491 1722 611 1779 autern
630 1705 776 1785 libuerit
802 1706 975 1777 aestimare
994 1718 1147 1802 quanta,
1164 1704 1213 1775 ob
1236 1706 1355 1802 ipsum
1374 1681 1591 1792 Welserum,
1618 1706 1693 1775 uti·

358 1833 467 1904 litatis
499 1831 562 1902 fiat
586 1832 740 1902 accessio
764 1830 814 1901 illi
843 1830 965 1902 Codici
995 1844 1141 1918 nostro,
1171 1842 1417 1926 quantamque
1441 1829 1524 1899 ideo
1555 1853 1696 1925 oppor-

361 1957 522 2027 tunitatis
546 1955 752 2026 auctionem
770 1969 942 2051 capturus
958 1954 1023 2042 sit,
1046 1978 1066 2023 a
1087 1977 1145 2023 me
1161 1977 1245 2023 vere
1259 1952 1428 2049 princeps
1448 1952 1565 2023 editus
1580 1950 1692 2040 liber,

360 2080 389 2149 is
407 2080 578 2150 volumen
594 2077 753 2176 perlegat
770 2078 939 2172 Angustae‘
949 2074 1240 2165 Vindelicorum,
1260 2076 1369 2172 idque
1385 2090 1507 2146 nostra
1522 2100 1606 2145 cum
1622 2077 1700 2148 edi·

362 2205 459 2274 tione
475 2228 517 2273 ex
533 2203 596 2273 illo
611 2201 741 2273 Codice
755 2201 1078 2299 ducta-comparet.

409 2324 591 2396 Welserus
605 2327 721 2413 enim,
742 2326 806 2395 etsi
826 2351 869 2395 ex
887 2324 1106 2395 membranis
1124 2324 1371 2394 vetustissimis
1387 2349 1408 2394 a
1427 2324 1515 2394 sein
1532 2322 1697 2394 medium

363 2447 481 2518 allerri
508 2447 740 2544 Apollonium
768 2446 999 2544 profiteatur,
1034 2472 1097 2518 seu
1130 2447 1223 2517 male
1251 2446 1378 2517 oculus
1414 2446 1553 2518 haeserit
1583 2447 1619 2515 in
1644 2446 1699 2517 le·

354 2554 497 2663 gendo,
516 2584 579 2640 aut
592 2570 628 2639 in
644 2569 820 2668 capiendo
837 2571 966 2640 mentis
981 2594 1151 2659 acumen,
1165 2571 1272 2665 gratis
1283 2569 1372 2640 dum
1386 2571 1570 2658 immutat,
1586 2571 1701 2642 assuit

341 2779 343 2784 Ι
364 2707 426 2764 aut
439 2693 579 2782 recidit,
596 2717 699 2790 ‚aeque
716 2707 902 2764 auctorem
922 2693 1092 2791 deturpat
1108 2694 1235 2788 gratis3
1254 2717 1320 2764 nec
1335 2717 1400 2790 per
1415 2718 1500 2764 eum
1517 2707 1587 2763 stat
1602 2695 1696 2789 quin

364 2818 400 2886 in
422 2832 496 2887 tam
512 2818 566 2888 sui
584 2817 748 2888 dissimili
772 2816 963 2915 Apollonio
986 2818 1106 2916 ipsum
1128 2842 1330 2915 quaeramus
1351 2818 1595 2916 Apollonium.

413 2941 684 3019 Vindelicorum
701 2958 820 3013 tamen
837 2946 1018 3038 Augustae‚
1032 2943 1081 3014 ibi
1100 2943 1188 3014 dum
1205 2944 1349 3040 degeret
1362 2944 1558 3033 Welserus,
1577 2944 1701 3018 multae

365 3089 586 3162 magnaeque,
603 3067 639 3138 in
656 3071 714 3137 SS.
735 3066 891 3137 Udalrici
907 3082 943 3138 et
960 3067 1049 3137 Afrae
1070 3069 1258 3157 coenobio,
1283 3071 1313 3138 ei
1333 3068 1574 3165 suppetebant
1593 3093 1699 3165 opes,

366 3189 497 3286 quibus
518 3190 561 3260 ad
589 3191 822 3286 intelligenda
837 3191 1151 3263 transcribendave
1166 3194 1314 3288 antiqua
1331 3194 1381 3264 rei
1397 3193 1558 3264 literariae
1574 3196 1706 3265 moni-¹

367 3328 498 3404 menta,
513 3313 709 3408 juvaretur.

413 3442 511 3507 Tunc
525 3439 632 3507 etiarn
647 3440 840 3535 temporis,
859 3440 954 3511 inter
968 3441 1144 3512 Mannelis
1160 3442 1332 3536 Eugenici
1348 3441 1479 3529 libros,
1496 3445 1704 3515 Constanti·

369 3560 577 3655 nopolitana
601 3576 781 3658 receperat
809 3562 1030 3635 bibliotheca
1055 3590 1205 3662 graecam
1238 3565 1398 3636 fabulam
1421 3565 1601 3663 Apollonii
1634 3570 1704 3663 qui

368 3709 469 3754 casus
479 3686 555 3781 ipse
570 3709 654 3754 suos
666 3685 800 3756 retulit.
817 3691 917 3775 Nam,
932 3703 972 3758 ut
982 3691 1157 3786 scriptum
1170 3690 1315 3786 reliquit
1331 3684 1514 3760 Welserus
1528 3743 1537 3778 ,
1552 3705 1574 3754 'r
1587 3689 1706 3785 hujus

369 3839 384 3871 κ
400 3807 562 3906 profecto
578 3808 758 3905 Apollonii
774 3811 955 3884 credenda
968 3829 1020 3884 est
1044 3814 1233 3907 (historia)
1251 3846 1282 3883 n.

417 3933 581 4022 Vieunae‚
599 3948 789 4023 caeterum,
814 3962 906 4034 opus
933 3937 1028 4009 idem
1051 3955 1137 4010 tunc
1156 3940 1311 4010 extitisse
1336 3938 1450 4036 liquet
1464 3963 1504 4009 ex
1527 3941 1608 4035 ipso
1624 3943 1707 4010 Γᾶ·

368 4080 473 4127 sareae
484 4055 712 4130 bibliothecae
741 4061 924 4157 catalogo,
948 4063 1006 4133 cui
1031 4079 1150 4134 manet
1176 4065 1404 4160 inscriptum.
1424 4068 1464 4133 ln
1490 4064 1706 4134 universum

369 4194 489 4249 autern
513 4183 722 4269 aestimanti,
750 4184 980 4282 Apollonius,
1011 4186 1124 4257 idest
1150 4186 1304 4282 quilibet
1336 4187 1475 4258 latitare
1497 4185 1709 4260 monachus

370 4303 495 4375 maluit
511 4301 710 4403 ψευδωνύμως
729 4307 797 4379 sub
815 4309 881 4380 hac
897 4310 973 4380 ialsi
988 4311 1144 4381 nominis
1158 4310 1302 4400 umbra,
1315 4325 1355 4381 ut
1372 4336 1439 4407 pro
1452 4309 1534 4381 velo
1549 4324 1624 4381 erat
1640 4311 1709 4384 alii

369 4428 609 4527 Philoponns,
633 4431 841 4504 Theodulus
859 4433 940 4523 alii,
958 4433 1088 4529 dignus
1107 4433 1307 4506 admodum
1328 4432 1528 4523 videbitur,
1542 4434 1605 4531 qui
1623 4433 1708 4528 jam

370 4551 605 4624 Heliodorum
624 4556 718 4625 inter
742 4571 777 4626 et
803 4562 964 4653 Longum
986 4557 1126 4628 medius
1151 4558 1316 4629 assideat.
1348 4557 1383 4628 Si
1409 4581 1483 4627 non
1507 4557 1710 4654 episcopus

370 4678 498 4767 evasit,
525 4693 565 4749 ut
580 4681 699 4776 prior3
726 4705 793 4750 nec
816 4682 861 4753 ab
886 4683 1080 4780 episcopo,
1112 4682 1205 4777 ejus,
1236 4695 1277 4752 ut
1299 4680 1510 4771 amborum,
1538 4677 1659 4750 sabula
1686 4708 1711 4755 e

369 4823 482 4891 graeco
498 4817 553 4872 est
569 4802 606 4872 in
621 4803 789 4898 gallicum
804 4829 1008 4877 sermonem
1026 4832 1146 4895 versa,
1163 4821 1218 4896 at,
1238 4804 1346 4877 illaesa
1360 4829 1503 4903 semper
1526 4804 1710 4900 gravitate

370 4942 514 4993 morum
533 4941 567 4995 et
581 4928 840 5016 sanctimonia,
858 4928 991 5018 facete,
1019 4929 1136 5025 lepide
1159 4954 1199 5000 ac
1224 4929 1347 5000 festive
1373 4928 1543 5000 lectorem
1565 4928 1712 5024 pariter
