3726 5692
165 343 221 394 518

161 488 206 535 της
218 467 301 543 ἱεροῦ,
312 462 357 521 καί
367 464 401 529 ὡς
412 461 514 538 ἀνάγκη
528 459 572 526 τὰς
588 467 712 538 γυναῖκας
723 461 807 517 ἐκεῖσε
818 457 947 540 φοιτώσας

161 553 335 631 ἀπαγγέλλειν
357 550 471 629 δημοσία
491 548 525 607 τά
540 552 565 606 ἐν
589 553 626 628 τῷ
649 551 703 627 ναῷ
721 549 812 613 αὐταῖς
827 546 946 628 ὁρώμενα

160 641 258 719 ὄνειρα·
276 644 301 698 ἐν
317 630 338 718 ᾧ
353 639 397 696 καὶ
420 637 452 695 τδι
468 637 527 715 περὶ
543 637 702 716 Φαρνοόχου
724 634 768 694 καί
787 636 947 715 Φαρσίριδος

160 729 205 787 καί
219 730 365 800 Τανάϊδος,
381 727 424 806 ἀρ’
439 719 468 785 σθ
482 726 528 800 καὶ
549 726 650 791 Τάναϊς
666 729 680 783 δ
695 725 828 801 ποταμὸς,
849 726 947 783 λεπτο-

133 839 145 873 s
160 820 244 897 μεριῦς
259 817 432 895 διεξέρχεται,
448 815 493 874 καὶ
508 813 548 872 ότι
563 813 596 872 τδι
610 815 671 889 περὶ
686 815 728 872 τὸν
747 814 825 872 τόπον
840 812 886 871 καί
901 813 947 884 τήν

159 907 249 985 χώραν
265 911 309 963 τοῦ
330 904 460 970 Τανάϊδος
474 905 526 970 τοῖς
544 909 709 962 κατοικοῦσιν
725 902 874 985 Ἀφροδίτης
896 926 947 978 μυ·

160 993 253 1073 στήρια
275 993 405 1059 ’Τανάϊδος
428 992 473 1051 καί
497 991 659 1072 Φαρσίριδός
684 994 758 1050 εἰσιν.
802 990 850 1052 Ἐν
868 989 894 1048 δὲ
916 994 948 1070 τῇ

159 1083 334 1165 προειρημένῃ
349 1085 435 1154 νησῖδι
451 1082 532 1163 ῥόδων
548 1079 679 1162 ἕντραγάιν
694 1080 810 1161 ὁΤίγρις
825 1081 948 1162 τελευτᾷ·

159 1173 282 1250 κανθαρὶς
296 1170 347 1251 γάρ
367 1173 418 1238 τοῖς
431 1177 478 1229 τοῦ
492 1171 567 1252 ῥόδου
589 1171 694 1250 φύλλοις
711 1170 749 1228 ἔτι
770 1169 949 1247 ουνεπτυγμέ-

122 1283 144 1320 tu
158 1286 209 1330 νοις
223 1254 293 1321 οῦσιν
315 1262 478 1332 ὑπεκάθητο·
502 1261 579 1332 καὶὴ
603 1265 647 1318 τοῦ
663 1259 754 1327 παιδὸς
772 1259 860 1339 μήτηρ
874 1257 948 1339 ήρωα

160 1355 276 1412 πείθεται
290 1351 410 1429 γενέσθαι
422 1349 466 1408 τδν
482 1350 536 1409 υἱὸν
553 1349 752 1426 ἐκμαγειίσασα.

200 1445 232 1503 l'.
259 1442 312 1502 Καί
335 1438 496 1520 διεξέρχεται
520 1442 534 1496 ὃ
557 1437 713 1519 Ἰάμόλιχος
738 1442 851 1516 μαγικῆς
873 1437 947 1509 είδη,

160 1533 244 1610 μάγον
260 1531 373 1610 ἀκρίδων
396 1531 441 1589 καί
457 1529 542 1607 μάγον
565 1528 677 1586 λεόντοιν
691 1528 737 1586 καὶ
761 1527 844 1605 μάγον
860 1531 949 1605 μυῶν·

120 1671 123 1677 .
160 1620 185 1690 ἐξ
210 1612 239 1680 οῦ
268 1622 405 1679 καλεῖσθαι
430 1619 475 1677 καὶ
500 1617 533 1675 τὰ
553 1615 686 1694 μυστήρια
709 1616 762 1675 ἀπὸ
785 1619 837 1675 τῶν
861 1618 948 1693 μυιῗιν·

122 1727 144 1764 ts
159 1707 266 1789 πρώτην
282 1707 331 1788 γὰρ
346 1698 412 1765 εἶναι
427 1705 474 1778 τὴν
492 1711 543 1764 τῶν
560 1709 633 1783 μυῶν
657 1704 784 1784 μαγικήν.
829 1704 883 1764 Καὶ
898 1703 950 1781 μά-

159 1821 203 1874 γον
220 1797 245 1856 δὲ
260 1797 330 1874 λέγει
343 1796 462 1875 χαλάζης
478 1794 524 1853 καί
542 1795 625 1871 μάγον
644 1793 728 1874 ἀρεων
747 1791 793 1851 καὶ
807 1816 949 1868 νεκυομαν-

159 1884 229 1952 τείας
252 1884 297 1944 καί
320 1884 537 1963 ἐγγαστρίμυθον,
557 1883 583 1943 ὃν
607 1883 653 1942 καί
671 1906 750 1965 φησιν
764 1884 805 1950 ’ὡς
821 1879 950 1953 Ἕλληνες

162 1973 209 2051 μὲν
236 1973 373 2052 Εὐρυκλέα
397 1973 519 2051 λέγουσι,
546 1971 712 2032 Βαθυλώνιοι
737 1971 764 2030 δὲ
792 1970 950 2051 Σακχοιίραν

160 2065 333 2122 ἀποκαλοῦσι.
376 2060 456 2139 Λέγει
471 2059 498 2118 δὲ
514 2059 560 2119 καὶ
572 2061 662 2120 ἑαυτὸν
679 2059 847 2120 Βαθυλιίινιον
860 2050 952 2116 εἶναιδ

120 2172 146 2210 ευ
161 2151 323 2233 συγγραρεῦς
336 2150 381 2209 καὶ
395 2156 485 2226 μαθεῖν
496 2150 544 2220 τὴν
559 2150 684 2228 μαγικήν,
703 2155 794 2224 μαθεῖν
804 2148 831 2207 δὲ
845 2148 950 2226 καλτήν

161 2239 319 2312 Ἑλληνικὴν
343 2238 464 2298 παιδείαν
488 2237 533 2296 καί
556 2240 682 2315 ἀκμάζειν
702 2238 746 2297 ἐπὶ
766 2237 884 2313 Σοαίμου
906 2243 950 2296 τοῦ

160 2329 342 2408 Ἀχαιμενίδου
359 2334 402 2386 τοῦ
419 2328 587 2407 Ἀρσακίδου,
602 2326 629 2394 δς
644 2326 766 2406 βασιλεὺς
781 2318 812 2399 ήν
828 2328 857 2384 ἐκ
871 2325 950 2383 πατὲ·

161 2440 212 2497 ρων
236 2418 375 2495 βασιλέων,
401 2416 488 2494 γέγονε
517 2414 544 2473 δὲ
568 2413 640 2493 όμως
664 2414 709 2474 καί
730 2419 777 2484 τῆς
804 2412 951 2490 συγκλήτου

162 2508 257 2582 βουλῆς
271 2511 317 2575 τῆς
332 2510 356 2564 ἐν
375 2504 488 2584 Ῥώμῃ,
504 2505 549 2562 καὶ
564 2502 662 2570 ὕπατος
677 2503 720 2576 δέ,
737 2495 793 2562 εἶτα
806 2503 851 2562 καὶ
873 2509 950 2582 βασι-

121 2609 146 2647 θι
161 2594 219 2659 λεὺς
240 2593 319 2652 πάλιν
340 2599 386 2663 τῆς
409 2594 525 2670 μεγάλης
546 2593 697 2672 Ἀρμενίας·
714 2592 757 2651 ἐπὶ
777 2591 869 2651 τούτου
890 2597 951 2670 γοῦν

163 2681 282 2759 ἀκμάσαι
307 2683 384 2763 ρησίν
412 2682 514 2742 ἑαυτόν.
557 2680 700 2759 Ῥωμαίων
722 2679 749 2738 δὲ
777 2681 950 2758 διαλαμῦάνει

161 2772 308 2849 βασιλεύειν
318 2772 479 2831 Ἀντωνίων·
493 2771 537 2829 καὶ
552 2770 595 2830 ότε
606 2771 768 2842 Ἀντωνῖνος,
779 2769 869 2851 φησίν,
882 2773 953 2842 Οῦῆ-

162 2884 203 2940 ρον
216 2860 260 2919 τὸν
272 2860 452 2941 αὐτοκράτορα
465 2859 510 2919 καλ
522 2861 632 2940 ἀδελφὸν
648 2862 694 2918 καὶ
704 2861 833 2931 κηδεστήν
851 2858 952 2942 έπεμψε

160 2950 314 3028 Ιθολογαίσιρ
335 2953 372 3030 τῷ
393 2947 537 3030 Παρθυαίῳ
555 2949 755 3026 πολεμήσοντα,
778 2955 812 3017 ὡς
833 2949 908 3014 αὐτός
923 2972 951 3006 τε

120 3059 146 3098 no
161 3040 281 3117 προείποι
297 3038 397 3097 καὶτὸν
415 3038 542 3113 πόλεμον,
557 3035 597 3096 ὅτι
612 3037 750 3115 γενήσεται
767 3039 810 3096 καὶ
831 3035 890 3095 όποι
907 3061 950 3094 τε·

159 3129 296 3200 λευτήσοι,
312 3127 409 3187 καθότι
427 3127 588 3206 Βολόγαισος
604 3128 651 3204 μὲν
668 3129 733 3208 ὑπὲρ
753 3126 797 3185 τδν
810 3123 951 3207 Εὐρράτην

159 3218 204 3276 καί
225 3218 317 3297 Τίγριν
341 3217 445 3298 ἔρυγεν,
467 3223 484 3289 ἡ
509 3217 536 3276 δὲ
560 3217 719 3298 Παρθυαίων
746 3221 780 3296 γῆ
808 3215 951 3292 Ῥωμαίοις

164 3308 278 3377 ὑπήκοος
293 3307 418 3379 κατέστη.

200 3396 259 3456 ΙΑ’.
284 3396 354 3454 Ἀλλ’
369 3394 384 3452 ό
400 3419 429 3471 γε
446 3395 537 3472 ’Τίγρις
551 3397 596 3454 καί
611 3394 749 3474 Εὐφράτης
764 3396 787 3452 οἵ
801 3394 891 3458 παῖδες
904 3393 950 3468 ἔμ-

121 3508 144 3541 ae
159 3492 243 3563 ρερεῐς
260 3484 382 3554 ἀλλήλοις
398 3476 465 3555 ἦσαν
480 3485 524 3540 καὶ
538 3482 665 3555 Ἱ)οδάνης
683 3482 849 3562 ἀμφοτέροις.
894 3484 919 3540 Τ
921 3486 950 3538 οῦ

160 3571 187 3630 δὲ
213 3573 316 3644 παιδὸς,
347 3573 435 3653 ὥσπερ
460 3573 572 3653 ἔρημεν,
600 3577 637 3653 τῷ
663 3573 731 3654 ῥόδῳ
757 3569 950 3641 τελειωθέντας,

160 3659 285 3732 Ῥοδάνης
301 3661 364 3738 πρὸς
375 3661 422 3733 τὴν
444 3663 537 3733 νησῖδα
560 3660 616 3739 άμα
639 3661 760 3720 Σινωνίδι
777 3664 948 3741 περαιοῦται,

159 3750 204 3808 καὶ
221 3755 269 3830 βοᾷ
285 3755 301 3821 ἡ
315 3750 403 3830 μήτηρ
418 3750 462 3808 τὸν
476 3751 618 3823 τεθνηκότα
632 3753 711 3822 αὐτῆς
723 3750 778 3807 υἱὸν
792 3748 948 3819 άναῦιῶναι,

160 3843 195 3904 εἷς
220 3839 263 3896 τὸν
288 3838 418 3911 Ῥοδάνην
441 3843 546 3920 δρῶσα,
567 3840 613 3898 καί
640 3841 728 3919 Κόρην
753 3841 825 3919 αὐτῷ
854 3840 949 3897 ἐκεῖθεν

120 3947 145 3982 ιιι
161 3926 283 3984 ἔπεσθαι·
309 3927 524 4006 συνυποκρίνεται
548 3927 677 3999 Ῥοδάνης
702 3933 803 3999 ταῦτα,
830 3931 876 3998 τῆς
898 3929 949 3984 τῶν

159 4019 294 4087 γησιωτῶν
321 4019 504 4097 κατεντρυρῶν
529 4016 657 4087 εὐηθείας.
711 4015 848 4088 Μηνύεται
869 4015 948 4096 Δάμορ

159 4102 192 4160 τά
201 4103 260 4182 περὶ
271 4103 410 4177 Ῥοδάνην,
421 4106 465 4163 καί
475 4103 525 4162 ὅσα
534 4105 664 4183 Σόραιχος
673 4105 733 4182 περὶ
744 4102 835 4171 αὐτοὺς
845 4102 949 4182 ἔπραξε·

160 4191 276 4268 μηνυτής
299 4193 321 4250 δ’
336 4184 366 4265 ἦν
389 4192 465 4259 αὐτὸς
488 4192 618 4272 θῖατρδς,
640 4192 696 4251 δνδ
719 4192 846 4270 Σόραιχος
864 4191 948 4270 κρύρα

160 4280 266 4360 πέμψας
282 4282 310 4340 τὸ
324 4287 370 4353 τῆς
385 4282 523 4346 Σινωνίδος
543 4281 700 4362 ἐθεράπευσε
719 4285 834 4360 τραῦμα.
876 4282 946 4340 Συλ-

134 4390 145 4423 a
159 4370 322 4447 λαμθάνεται
339 4369 382 4428 διὰ
397 4377 473 4429 τοῦτο
498 4371 629 4450 Σόραιχος
645 4371 689 4428 καί
707 4371 798 4448 άγεται
816 4368 860 4428 ἐπὶ
877 4369 948 4448 Γάρ-

161 4484 222 4535 μου
237 4460 426 4519 ἀποστέλλεται
437 4459 482 4518 καί
496 4462 570 4527 αὐτὸς
586 4465 599 4518 ὁ
613 4460 728 4537 μηνυτής
743 4459 855 4539 γράμμα
868 4460 949 4534 Δάμα

160 4549 343 4627 ἑπιρερόμενος
367 4548 431 4627 πρὸς
453 4549 496 4605 τὸν
519 4554 565 4620 τῆς
586 4550 735 4628 Ἀφροδίτης
756 4547 842 4626 ἱερέα,
867 4549 906 4625 ἐρ’
928 4540 949 4626 ᾧ

161 4640 299 4697 satiatas
318 4639 376 4706 τοὺς
390 4639 449 4718 περὶ
467 4640 607 4698 Σινωνίδα.
650 4639 786 4699 Διαθαίνει
801 4637 844 4695 τὸν
866 4659 949 4696 ποτα·

161 4725 210 4798 μὸν
225 4731 237 4782 ό
253 4728 338 4806 ἰατρὸς
353 4732 398 4797 τῆς
415 4731 486 4806 ἱερᾶς
502 4726 592 4785 ἑαυτὸν
607 4733 641 4794 ὡς
662 4730 717 4793 ἔθος
739 4725 882 4807 ἐξαρτήσας
897 4751 947 4784 κα-

121 4835 146 4870 au
161 4813 263 4887 μήλου,
283 4818 312 4872 τὸ
328 4815 354 4872 δὲ
372 4817 484 4895 γράμμα
503 4821 539 4897 τῷ
553 4817 627 4895 δεξιῷ
643 4817 779 4895 πορευθεὶς
792 4818 843 4872 τῶν
859 4813 948 4873 ὤτοιν·

161 4901 205 4958 καί
219 4904 290 4968 τέλος
305 4909 318 4961 ὃ
334 4906 450 4979 μηνυτὴς
467 4907 668 4984 ε’ναποπνίγεται
687 4908 725 4986 τῷ
745 4907 871 4985 ποταμῷ,
889 4907 946 4962 δια-

162 4990 245 5047 datm
260 4991 286 5047 ei
299 4993 362 5069 πρὸς
375 4993 422 5064 τήν
437 4998 530 5066 νησῖδα
546 5001 562 5066 ἡ
578 4997 709 5071 κάμηλος,
725 4992 770 5051 καί
783 4993 870 5051 πάντα
884 5016 948 5069 μαν·

161 5078 280 5137 θάνουσιν
299 5084 321 5135 oi
337 5081 396 5161 περί
412 5083 552 5153 Ῥοδάνην,
568 5084 597 5140 τὸ
612 5090 656 5141 τοῦ
671 5084 751 5157 Δάμα
767 5083 879 5163 γράμμα
897 5085 947 5140 τῶν

162 5169 234 5229 ὤτων
250 5170 400 5248 ἀνελόμενοι
412 5174 458 5240 τῆς
473 5173 606 5248 καμήλου.

869 325 1077 387 timenreut

994 468 1068 528 utque
1076 478 1173 515 necesso
1186 463 1257 514 tuerit
1266 463 1389 511 matronas
1399 474 1428 510 eo
1441 459 1583 510 accedentes
1596 458 1691 523 publiea
1700 446 1765 511 enun-

995 573 1067 630 tiare,
1082 583 1138 632 qum
1152 569 1177 618 in
1188 567 1289 618 delubro
1304 567 1361 630 ipsis
1379 566 1430 616 risa
1443 568 1524 616 essent
1537 565 1664 616 insomnia.
1695 568 1765 618 Uhiet

994 676 1024 725 de
1039 673 1198 734 Phameam,
1211 674 1236 720 et
1252 669 1386 721 Pharsiride
1402 672 1428 720 et
1441 669 1549 720 Tauaide
1559 670 1641 730 (unde
1657 674 1681 721 et
1696 673 1765 723 amai

994 780 1103 840 humen)
1123 778 1235 828 accurate
1250 777 1322 827 reiert
1334 779 1359 826 et
1376 775 1491 839 mysteria
1503 777 1606 826 Veneris
1621 776 1684 826 eirea
1695 779 1764 828 Tana·

994 892 1050 943 dem
1062 890 1226 942 habitantibus
1244 889 1317 951 huius
1335 901 1388 940 esse
1399 887 1512 939 Tanaidis
1533 889 1559 938 et
1572 887 1719 939 Phnrsiridis
1745 891 1765 940 tr

999 1005 1077 1054 insuta
1089 1016 1162 1066 supra
1171 1003 1304 1051 memorata
1316 1013 1382 1050 roms
1396 999 1470 1050 edens
1478 999 1555 1063 Tigris
1565 999 1631 1050 diem
1639 1000 1697 1050 obiit
1707 1021 1713 1052 :
1723 1014 1764 1050 mn

996 1116 1117 1167 cantharis
1128 1128 1188 1164 rose
1202 1114 1263 1163 toliis
1277 1112 1381 1162 invicem
1393 1110 1474 1161 adhue
1486 1112 1617 1175 implicatis
1631 1111 1764 1175 sumerem

997 1230 1064 1294 pueri
1084 1232 1161 1279 mater
1174 1241 1216 1291 per
1234 1228 1412 1277 incantamenta
1428 1226 1504 1276 credit
1523 1225 1599 1275 titium
1616 1225 1710 1276 heroon
1728 1239 1766 1276 ete

997 1346 1098 1395 tantum.

1027 1460 1057 1507 Χ.
1074 1454 1224 1506 iambiiehus
1237 1453 1337 1517 magicae
1347 1452 1406 1503 artis
1415 1451 1506 1516 species
1516 1451 1604 1515 tradit,
1616 1465 1710 1516 magum
1718 1452 1767 1503 enin

996 1574 1047 1611 esse
1064 1560 1226 1619 locustarum,
1244 1558 1341 1607 ieonum
1359 1559 1384 1606 et
1404 1557 1526 1619 murium,
1547 1561 1622 1620 atque
1643 1557 1697 1608 inde
1711 1557 1767 1606 etirn

997 1663 1110 1725 nrysteria
1126 1661 1192 1710 dicta
1206 1673 1257 1710 esse
1271 1660 1318 1710 ἀπὸ
1336 1665 1383 1709 τῶν
1396 1665 1472 1723 μυῶν,
1483 1659 1507 1708 id
1521 1662 1558 1709 est
1569 1672 1585 1709 a
1597 1660 1715 1723 muribus,
1726 1674 1767 1710 un

997 1763 1103 1812 mnrium
1115 1775 1155 1812 ars
1168 1761 1261 1822 magiae
1275 1761 1352 1823 prima
1367 1760 1408 1809 sit.
1441 1762 1539 1822 Magum
1552 1773 1652 1823 quoque
1664 1760 1768 1823 grandinis

997 1869 1021 1916 et
1037 1879 1135 1929 magum
1151 1867 1289 1928 serpentum
1308 1865 1333 1913 et
1350 1862 1524 1913 diuinationem
1539 1877 1553 1914 e
1566 1865 1670 1914 mortuis
1684 1868 1708 1914 et
1724 1877 1765 1913 reu·

998 1968 1130 2030 tritoquum
1152 1979 1203 2016 esse
1227 1965 1347 2025 affirmat,
1372 1977 1445 2027 quem
1473 1964 1553 2014 Greci
1573 1964 1680 2015 dixerint
1706 1969 1766 2027 eun·

998 2072 1074 2128 ciem,
1085 2066 1210 2130 uahytonii
1223 2065 1380 2116 Saeehuram.
1414 2069 1445 2116 Se
1456 2079 1556 2128 quoque
1567 2066 1721 2130 Babylonium
1730 2081 1764 2118 erar

998 2173 1081 2220 narrat
1092 2172 1177 2220 auctor
1192 2172 1217 2219 et
1232 2171 1308 2218 artem
1323 2168 1441 2231 magicam
1451 2167 1580 2228 didicisse,
1590 2170 1644 2219 tum
1660 2171 1684 2220 et
1694 2170 1763 2221 Grecis

998 2271 1128 2336 disciplinis
1140 2269 1259 2320 studuisse
1274 2271 1299 2320 et
1315 2268 1423 2319 floruisse
1436 2269 1588 2332 temporibus
1600 2271 1686 2322 Soremt
1698 2272 1760 2322 aare·

998 2379 1101 2430 menidis
1116 2378 1174 2438 titii,
1197 2382 1292 2427 Arsaee
1308 2376 1416 2439 nepotis,
1434 2376 1475 2439 qui
1496 2390 1540 2426 rex
1557 2379 1611 2427 erat
1626 2380 1686 2442 rep’o
1697 2391 1759 2441 μαι

998 2480 1122 2541 oriundus,
1131 2480 1209 2532 lectus
1223 2483 1276 2530 erat
1287 2483 1370 2529 tameo
1383 2481 1408 2529 ct
1416 2482 1541 2530 Romanus
1553 2484 1681 2534 senatoret
1691 2484 1757 2533 aeis

999 2584 1098 2644 censui,
1111 2581 1197 2632 deinde
1209 2596 1292 2632 mrsus
1311 2585 1363 2632 erat
1374 2595 1419 2632 rex
1433 2584 1553 2634 Armenia
1573 2587 1666 2649 ungue
1682 2606 1689 2636 r
1706 2584 1756 2645 hujus

1000 2688 1071 2750 igitur
1085 2689 1157 2737 aetate
1172 2701 1198 2736 se
1211 2674 1320 2736 floruisse
1340 2687 1423 2737 tradit.
1455 2690 1569 2739 Romanis
1585 2691 1696 2754 imperare
1706 2689 1754 2741 tuto

999 2790 1082 2838 ninum
1097 2790 1183 2850 refert,
1204 2787 1246 2850 qui
1267 2801 1323 2837 enm
1340 2791 1430 2839 verum
1446 2792 1633 2853 imperatorem,
1650 2787 1754 2842 reims

999 2904 1113 2954 generetur
1138 2892 1244 2941 mitteret
1266 2890 1295 2940 ad
1317 2891 1408 2942 betium
1430 2893 1561 2956 gerendum
1583 2908 1638 2943 cum
1660 2892 1753 2952 votnm

1000 2993 1143 3041 Parthorum
1161 3005 1227 3054 rege,
1239 2993 1293 3041 turn
1306 2992 1418 3074 praedixit
1432 2995 1553 3044 auctorat
1571 2994 1660 3044 beilum
1671 2993 1709 3043 hos
1719 2987 1752 3037 ιθ

1000 3099 1081 3146 turum
1099 3109 1149 3145 esse
1171 3098 1196 3144 et
1211 3108 1284 3158 quem
1304 3095 1377 3145 srnem
1398 3096 1537 3146 habiturum
1551 3101 1628 3158 esset,
1647 3096 1753 3156 velow

998 3200 1079 3246 auteur
1094 3197 1157 3246 uttra
1171 3197 1319 3258 Euphratem
1332 3197 1357 3246 et
1368 3196 1458 3258 Tigrim
1478 3197 1538 3258 fugit
1555 3212 1562 3246 ε
1585 3198 1713 3247 mmmm
1723 3202 1749 3239 it

997 3299 1036 3362 gio
1047 3293 1163 3349 Romanis
1172 3299 1272 3348 subacta
1282 3302 1326 3348 est.

1029 3409 1071 3455 xi.
1085 3406 1160 3467 Tigris
1181 3409 1205 3455 et
1224 3406 1357 3469 Euphrates
1376 3406 1444 3469 pueri
1456 3406 1546 3457 similes
1555 3407 1658 3458 invicem
1672 3401 1751 3457 eratiet

997 3518 1127 3570 Rhodanes
1147 3519 1252 3582 utrique.
1287 3523 1364 3569 Puero
1387 3520 1440 3581 itio,
1462 3523 1489 3570 ut
1509 3520 1629 3583 diximus,
1647 3535 1684 3586 per
1698 3525 1751 3566 rnatu

997 3632 1096 3693 enecto,
1119 3631 1246 3680 ithodanes
1261 3631 1285 3679 in
1305 3602 1409 3680 insulam
1427 3644 1484 3680 cum
1504 3632 1619 3682 Sinonide
1637 3630 1723 3694 trajicit,
1734 3628 1752 3671 θ

998 3742 1087 3793 clamat
1101 3744 1178 3793 mater
1195 3741 1334 3792 Rhodanem
1346 3742 1478 3804 adspiciens
1489 3742 1566 3792 hlium
1579 3757 1647 3794 mum
1659 3741 1751 3792 medei!

998 3855 1112 3904 revixisse
1122 3858 1146 3904 et
1159 3855 1324 3917 Proserpinam
1334 3853 1402 3902 iilum
1421 3854 1476 3903 inde
1486 3854 1495 3917 (
1506 3867 1536 3904 er
1549 3844 1631 3919 oreo)
1642 3853 1711 3918 seonh
1722 3846 1753 3895 ff*

1000 3967 1096 4015 simrrtat
1112 3967 1165 4014 haee
1182 3964 1323 4027 ttlrodanes,
1335 3964 1502 4014 insutanorum
1517 3966 1690 4029 simplicitatem
1700 3955 1753 4012 rar

997 4090 1062 4127 cans.
1097 4080 1158 4136 Quae
1177 4076 1286 4126 Rhodani
1303 4081 1328 4126 et
1348 4077 1454 4126 sinouidi
1470 4077 1614 4128 accidissent
1631 4081 1655 4129 et
1673 4071 1753 4141 quest

999 4189 1094 4239 raeehus
1115 4202 1171 4238 cum
1191 4188 1238 4238 ittis
1258 4189 1367 4250 gessisset
1385 4193 1467 4238 Damae
1480 4190 1636 4252 nuntiantur,
1649 4189 1710 4240 tute
1724 4177 1753 4231 θθ

997 4299 1105 4351 medicus
1120 4300 1160 4348 itte
1174 4312 1246 4362 quem
1263 4300 1392 4350 Sorreehus
1403 4302 1430 4351 ut
1442 4300 1566 4352 sinonidis
1577 4303 1665 4353 vuinus
1676 4290 1753 4351 συιιαθ

997 4413 1059 4462 ciam
1072 4411 1224 4461 submiserat.
1259 4415 1392 4475 Propterea
1405 4413 1499 4475 eapitur
1515 4416 1642 4465 Sarmatam
1654 4407 1753 4465 eruic·

974 4541 976 4565 ι
998 4540 1064 4574 tuum
1088 4525 1222 4573 adducitur.
1262 4527 1366 4575 Mittitur
1386 4528 1478 4590 etipse
1497 4528 1571 4579 index
1591 4533 1672 4580 Damae
1691 4523 1753 4576 litter&

996 4655 1077 4690 socrum
1092 4641 1168 4689 terens
1183 4640 1213 4689 art
1228 4642 1328 4690 Veneris
1337 4641 1488 4691 sacerdotem
1500 4656 1557 4691 cum
1575 4643 1622 4694 hoe
1635 4629 1753 4693 mandatiut

996 4752 1123 4802 Rhodenes
1132 4754 1157 4800 et
1168 4752 1262 4800 Sinonis
1273 4751 1486 4814 prehenderentur.
1521 4753 1631 4803 Medicus
1641 4747 1715 4812 trajicit
1722 4736 1753 4786 θ’

973 4846 976 4934 γ’
997 4857 1071 4916 riuus,
1084 4859 1110 4905 ut
1122 4871 1174 4905 mos
1184 4859 1243 4917 tert,
1258 4869 1333 4905 sacrae
1344 4856 1437 4905 cameto
1447 4859 1523 4907 semet
1535 4851 1754 4920 appendentem*

996 4978 1043 5025 que
1050 4963 1142 5012 dextre
1152 4963 1204 5011 auri
1216 4963 1325 5024 imponit.
1335 4966 1427 5012 Verum
1437 4962 1530 5012 delator
1539 4963 1586 5013 iste
1596 4957 1755 5012 damnauerit

996 5074 1044 5127 tur,
1055 5068 1161 5116 carrrelus
1170 5067 1200 5115 ad
1213 5068 1314 5116 insulam
1325 5068 1432 5127 adnatat,
1444 5067 1572 5118 Rhodanes
1581 5069 1661 5120 omnia
1669 5046 1755 5123 enmffl

996 5174 1091 5224 sublata
1105 5187 1119 5220 e
1131 5173 1216 5220 ranreii
1228 5186 1287 5221 aare
1305 5177 1388 5223 Damae
1400 5173 1509 5236 epistota.
