3726 5692
70 304 279 386 roua-un

71 436 174 505 ιπέζης
189 435 232 492 καλ
259 437 304 503 τῆς
328 433 410 503 ἄλλης
439 433 594 498 πολυτελοῦς
620 431 759 499 δεξιώσεως
785 432 850 499 Ζεύς

70 554 81 572 ·
97 523 185 601 πατὴρ
200 523 424 593 ἁντιδεξιόισαιτο,
438 520 574 600 φιλότιμόν
597 542 637 578 σοι
653 522 757 579 δεῖπνον
778 524 846 580 ἑτοι-

66 612 245 689 ιμασάμενος
269 614 294 669 ἐν
311 611 428 690 Ἠλυσίῳ
453 610 535 688 πεδίῳ
551 610 595 666 καὶ
617 609 743 691 μακάρων
762 611 849 691 νήσῳ,

66 729 78 752 ι
92 699 334 778 ζυνανακεκλιμὲνῳ
342 696 587 777 τοῖςῆριοσιν.Ἐγὼ
597 697 850 757 δέσεκαταδυσωπῶ

38 790 139 859 ,neira
156 792 220 866 ἡμῖν
244 786 363 864 γενέσθαι
386 785 450 860 πρὸς
470 788 517 856 τὴν
532 787 664 865 ἡμετέραν
682 789 850 865 Αύλίκωμιν,

65 905 77 929 ι
92 877 138 938 σύν
154 879 220 956 αὐτῇ
233 879 358 954 Διαντεία
373 875 418 933 καὶ
433 878 471 954 τῷ
491 877 566 955 καλῷ
579 874 663 956 τούτῳ
682 877 777 955 κήρυκι
798 878 848 957 (τῇ

68 966 168 1046 «χειρί
195 990 227 1043 με
253 964 462 1044 παραδεικνύςλ·
484 964 612 1041 Ὑσμίνης
635 964 687 1043 γὰρ
715 970 760 1036 τῆς
785 969 850 1040 ἐμῆς

65 1082 77 1106 ι
91 1053 187 1125 ταύτης
201 1055 278 1135 φίλης
296 1052 388 1119 παιδὸς
402 1057 479 1115 θῦσαι
494 1051 554 1118 τοὺς
574 1052 675 1130 γάμους
688 1055 848 1132 βουλόμεθα·

64 1170 77 1196 ι
93 1142 184 1222 καιρὸς
196 1144 219 1200 δ’
235 1143 299 1219 ἡμῖν
309 1146 355 1214 τῆς
368 1144 419 1199 τῶν
433 1141 526 1222 γάμων
535 1143 642 1212 τελιτῆς
654 1143 806 1224 demeterent
816 1144 849 1203 τθ

26 1261 50 1299 ιο
65 1259 77 1286 ι
90 1233 200 1305 Διάσια,
213 1232 230 1290 θ
246 1237 290 1290 νῦν
306 1231 338 1303 δὴ
351 1229 452 1298 θύοντες
466 1231 672 1309 θπαναζεύξομεν
683 1236 718 1300 εἰς
730 1233 850 1294 ntitas»

64 1349 76 1373 ι
89 1326 179 1400 μιν,ιί
194 1322 264 1381 δοκεῖ
282 1324 389 1400 Σωτῆρι
401 1319 453 1382 dd.
471 1325 540 1389 Παῖς
555 1323 590 1394 δ’,
602 1312 624 1403 ᾧ
636 1347 665 1401 γε
677 1322 711 1382 τά
725 1328 772 1395 τῆς
785 1329 850 1403 ἐμῆς

67 1438 79 1462 ι
91 1411 189 1481 ταύτης
210 1409 341 1486 Ὑσμύνης
355 1409 452 1490 λόκτρα
478 1411 719 1491 προσαρωσίωται,
737 1413 847 1490 ξυμπα-

63 1527 76 1552 ι
95 1499 207 1579 τρκύτης
235 1497 262 1566 ἐξ
277 1496 460 1575 Αύλικώμιδος
475 1500 617 1578 ύπιρχειλῆ
633 1497 677 1558 τὸν
692 1504 738 1571 τῆς
761 1501 849 1558 εὐδαι-

65 1587 183 1661 ιμονίας
196 1587 323 1666 τριπλοῦν
342 1589 462 1667 κρατῆρα
486 1587 652 1666 κικιρακύς·
678 1587 724 1654 τὰς
748 1587 795 1663 μὲν
817 1587 848 1659 δὴ

23 1701 48 1738 ις
63 1703 76 1729 ι
93 1674 208 1755 ψυχικὰς
226 1673 318 1754 άρετλς
338 1673 540 1755 ἀπαράμιλλος,
560 1674 594 1734 τά
611 1675 638 1734 δὲ
656 1676 716 1756 περὶ
728 1675 757 1734 τὸ
770 1680 848 1753 σῶμα

64 1764 155 1842 ιπρὸς
177 1762 226 1834 τὴν
240 1760 327 1841 ψυχὴν
350 1761 427 1842 ἐρίζει
449 1762 494 1822 καὶ
517 1765 657 1843 φιλονεικεῖ
677 1763 715 1842 μὴ
740 1764 848 1844 δεύτερα

63 1879 76 1904 ι
90 1852 240 1934 ραίνεσθαι·
251 1851 284 1910 τὰ
296 1850 318 1909 δ’
333 1850 406 1919 ἐκτὸς
418 1855 452 1932 τῇ
466 1854 537 1933 ψυχῇ
551 1853 596 1912 καλ
610 1857 648 1934 τῷ
663 1854 769 1930 σύιματι
787 1877 847 1912 συν·

62 1968 74 1992 ι
91 1949 226 2020 εκχεῑται,
246 1939 291 1998 καὶ
310 1929 363 2000 οἷον
379 1939 565 2021 συγκέκραται.
589 1944 714 2001 Τοιοῦτον
733 1940 786 2019 ἐγὼ
805 1941 848 2000 τὸν

65 2055 78 2080 ι
93 2028 178 2107 γάμον
202 2033 235 2105 τῇ
253 2027 317 2108 ριλῃ
330 2051 376 2105 μοι
391 2027 475 2108 ταύτγΙ
491 2028 566 2086 παιδὶ
580 2028 625 2086 καλ
641 2027 706 2095 Ζεύς
724 2029 847 2110 πρότερον

19 2142 47 2178 20
60 2115 259 2196 adportavisse·
276 2118 298 2174 εἰ
316 2116 344 2173 δέ
356 2139 401 2191 μοι
415 2117 460 2175 καὶ
479 2113 511 2176 σύ
527 2116 728 2185 συνικπλεύσεις
745 2120 780 2184 εἰς
795 2120 849 2177 Αύ-

60 2230 74 2258 ι
92 2204 225 2281 λικάιμιδα
241 2205 287 2262 σὺν
302 2202 433 2286 Ὑσμινίορ
446 2205 535 2285 καὶτῇ
550 2204 643 2265 τούτου
660 2204 756 2284 μητρὶ,
767 2207 848 2265 εύτυ-

60 2320 74 2344 ι
87 2292 226 2373 χεστίρους
240 2297 357 2372 ἡγοῦμαι
376 2291 435 2358 τούς
448 2293 558 2372 γάμους.
573 2321 584 2345 ιι
598 2293 632 2354 ‘0
644 2297 667 2352 δ’
684 2295 745 2371 ἐμός
760 2293 848 2373 πατὴρ

61 2407 74 2434 ε
91 2381 256 2458 Θεμιστεύς,
273 2409 285 2435 α
308 2384 364 2442 Νῦν
379 2381 454 2452 Διὸς,
472 2382 550 2460 φησὶ,
566 2382 699 2462 τράπεζα,
715 2383 761 2441 καὶ
782 2387 848 2441 Δια-

61 2497 74 2522 «
86 2469 149 2528 σίων
165 2471 265 2550 καιρὸς,
280 2471 374 2550 καὶτῷ
388 2474 473 2550 καιρῷ
487 2471 532 2529 καὶ
547 2475 579 2550 τῇ
595 2470 712 2553 τραπέζῃ
722 2471 756 2532 τά
767 2473 849 2550 πρόσ-

17 2588 47 2626 25
61 2584 75 2611 a
87 2580 154 2639 ρορα
167 2558 286 2636 θύσωμεν
296 2581 302 2595 ·
312 2556 346 2616 τὰ
360 2558 384 2615 δ’
397 2556 465 2616 dile
478 2558 538 2626 Διὸς
549 2560 575 2617 ἐν
589 2558 697 2635 γούνασι
708 2561 803 2620 κεῖται.
814 2588 826 2611 ι·

102 2667 126 2706 5.
143 2650 227 2707 Ταῦθ’
244 2651 258 2706 ὁ
273 2646 430 2721 Σωσθένης,
450 2649 524 2705 ταῦθ’
542 2650 556 2705 ὁ
570 2647 672 2727 πατήρ·
698 2650 749 2729 ὶγὼ
762 2648 799 2722 δὲ,
816 2648 848 2720 νὴ

60 2734 120 2803 τούς
134 2735 217 2811 θεούς,
233 2736 286 2815 ὅλῳ
296 2739 333 2815 τῷ
348 2737 385 2816 νῷ
398 2733 446 2806 τὴν
456 2734 575 2806 αἴσθησιν
587 2735 786 2817 συναρῇρημαι,
803 2737 848 2795 καλ

63 2825 138 2902 ἤμην
156 2829 192 2891 ὣς
212 2823 317 2905 ἀνδριάς
332 2824 375 2882 ἐπὶ
400 2827 445 2894 τῆς
459 2823 589 2903 τραπόζης
607 2826 769 2902 καθήμενος,
791 2825 848 2893 ύλος

61 2910 306 2987 ἀναύσθητος,τούς
328 2909 476 2992 ὀφθαλμούς
490 2910 558 2990 ἶχων
578 2915 673 2980 ἀτενῶς
690 2913 733 2972 ἐπὶ
753 2913 783 2972 τὸ
801 2916 849 2985 τῆς

18 3028 47 3066 au
61 3001 141 3081 κόρης
161 3000 306 3079 βλέποντας
324 2999 514 3080 oposuerant]
534 2999 560 3060 ὄλ
582 2999 709 3080 παρθόνος
728 3001 847 3079 δακρύων

59 3091 231 3169 πληρωθεῖσα
242 3088 302 3157 τούς
314 3087 476 3169 όρθαλμοῦς,
493 3087 538 3147 καλ
551 3088 662 3169 παρειὰν
678 3088 847 3148 συλλαόσῦσα

60 3176 192 3258 τῇδεξιᾷ,
209 3177 327 3236 συνόσπα
342 3175 388 3244 τάς
400 3179 494 3257 ὀφρῦς,
504 3175 550 3236 καλ
564 3177 659 3257 πικρὸν
674 3179 848 3253 ύπεστόναζε,

60 3265 107 3326 καὶ
120 3264 185 3346 πρὸς
198 3264 245 3336 τὴν
260 3265 378 3324 Πανθῖαν
397 3263 474 3345 φησί·
490 3292 501 3315 r
518 3267 631 3326 Γλυκεῖα
648 3269 744 3345 μῆτερ,
761 3266 848 3341 άλγέω

62 3382 74 3406 ι
91 3353 138 3426 τὴν
157 3355 284 3435 κεφαλήν.
300 3380 311 3405 ι
334 3352 368 3414 Ἤ
384 3354 410 3411 al
432 3352 496 3433 πρὸς
518 3353 610 3425 αὐτόν·
625 3380 637 3407 ι
650 3355 730 3415 Γεναῦ
744 3355 805 3434 περὶ
819 3355 848 3412 τὸ

22 3471 48 3511 ες
61 3443 262 3523 «δωμάτων».
307 3441 392 3510 Εὐθὺς
413 3433 457 3501 σύν
481 3440 604 3513 ἐξανέστη
626 3447 673 3515 τῆς
694 3443 842 3522 τραπέζης,

60 3532 179 3611 καὶπερὶ
192 3531 221 3590 τό
232 3530 363 3609 δωμάτιον
379 3531 493 3609 γέγονεν.
510 3529 544 3590 Ἠ
554 3535 616 3607 γοῦν
629 3554 674 3608 μοι
686 3530 776 3610 μήτηρ
785 3531 848 3611 πρὸς

61 3620 111 3692 τὴν
128 3618 248 3680 Πανθίαν
273 3619 354 3700 φησί·
372 3618 449 3687 «Τίς
469 3618 516 3689 την
540 3619 624 3690 καλὴν
648 3621 745 3690 ταύτην
770 3621 848 3700 κόρην

61 3707 249 3781 ιόόάσκηνινς
265 3707 323 3768 »Ἥ
339 3709 378 3780 δ’,
395 3736 407 3759 ι
426 3707 461 3767 Ἥ
488 3709 611 3787 γλῶσσα,
637 3707 715 3789 φησὶ,
736 3713 781 3768 τοῦ
795 3733 847 3767 πα-

61 3795 161 3880 orphe,
172 3795 212 3856 ὅτι
231 3797 323 3874 γάμων
338 3794 456 3873 ἐμνήσθη
470 3799 517 3866 τῆς
533 3795 625 3874 κόρης,
646 3794 688 3863 οὓς
703 3794 783 3877 μέχρι
802 3797 848 3855 καὶ

28 3912 73 3958 ωε
89 3887 166 3968 δεῦρο
182 3886 219 3963 μὴ
233 3890 325 3961 μαθεῖν
338 3884 386 3955 τὴν
396 3883 476 3962 κόρην
494 3883 708 3965 ἐφυλαττόμεθα·
719 3884 845 3963 παρθένος

60 4003 73 4028 ε
85 3975 138 4056 γάρ
154 3973 264 4033 ἐστικαὶ
274 3973 369 4049 σεμνή,
383 4000 395 4023 a

99 4083 124 4124 s.
137 4062 181 4124 Τὰ
194 4064 216 4121 δ’
230 4061 320 4144 ἐφεξῆς
335 4065 380 4132 τῆς
393 4059 525 4140 τραπέζης
539 4059 701 4132 ἀναισθήτως
712 4050 799 4140 εἶχον·
812 4064 847 4128 ὡς

58 4151 149 4232 γύρόκ
158 4173 226 4218 τινος
236 4149 439 4229 ἀστραπηύολου
450 4155 567 4220 σκηπτοῦ
574 4152 626 4207 τῶν
636 4155 680 4207 τοῦ
694 4149 846 4231 Σωσθόνους

56 4240 188 4322 ῥημάτιον
211 4237 274 4311 όλην
297 4238 451 4320 άπερράγην
474 4238 522 4310 τὴν
536 4239 670 4318 κεφαλήν·
685 4240 708 4298 εἰ
730 4237 777 4315 μὲν
803 4228 847 4296 οῦν

11 4350 36 4388 ra
55 4328 74 4388 l
92 4352 173 4410 αγον,
187 4326 310 4407 ἀκριόιῦς,
325 4326 356 4397 νὴ
371 4326 418 4396 τὴν
435 4326 547 4404 φούερθν
563 4331 607 4386 τοῦ
623 4326 784 4397 Σωσθένους,
800 4328 848 4386 οὐκ

52 4353 129 4487 elta,
137 4413 277 4498 φωνήν.“0
292 4416 319 4475 δὲ
329 4415 409 4482 καλὸς
417 4413 587 4486 Σωσθένης,ὁ
599 4419 662 4494 παρ’
672 4415 736 4488 ἡμῖν
746 4414 790 4473 τὸν
803 4415 848 4493 γά-

47 4528 109 4581 μον
126 4504 265 4578 κηρύσσων
284 4509 329 4575 τῆς
339 4504 478 4584 θυγατρὸς,
494 4504 537 4561 καλ
554 4505 633 4562 παλιν
648 4502 740 4584 φησίν·
752 4531 763 4557 ι
776 4502 849 4563 Ἱκα-

47 4621 70 4651 t
84 4599 138 4662 νῶς
153 4599 201 4666 τῆς
211 4593 342 4675 τραπέζης
357 4599 439 4672 ἡμῖν,
450 4595 603 4669 Θεμιστεῦ,
619 4592 676 4658 ἅλις
689 4595 734 4649 τοῦ
750 4597 844 4655 ποτοῦ,

42 4707 68 4738 ι
84 4684 137 4769 καλ
156 4687 208 4742 τῶν
233 4683 294 4764 περὶ
317 4684 364 4754 τὴν
391 4685 522 4762 τράπεζαν
545 4683 670 4740 ποικιλων
695 4683 810 4760 τρυφῶν·
825 4684 847 4740 εἰ

11 4797 16 4825 ι
40 4796 68 4826 t
87 4773 179 4855 βούλει
194 4771 237 4846 δὲ,
255 4772 300 4831 καὶ
318 4771 377 4851 περὶ
397 4772 440 4830 τὸν
458 4771 538 4830 ύπνον
555 4771 734 4849 γενύιμεθα·ἡ
749 4767 799 4848 γάρ
815 4768 846 4838 δὴ

39 4883 66 4913 1
89 4861 138 4930 νύξ
149 4859 196 4921 καλ
208 4861 288 4919 πάλιν
300 4865 370 4937 ἡμᾶς
381 4861 553 4938 συγκαλεῖται
567 4859 625 4939 περὶ
642 4857 684 4917 τὸν
698 4857 787 4933 βωμόν
802 4858 847 4916 καὶ

38 4975 66 5002 ⁸
88 4950 124 5012 τὰ
138 4949 255 5025 θύματα.
274 4978 286 5001 ι

100 5063 126 5104 s.
144 5037 239 5105 Οὕτως
261 5029 304 5097 οῦν
326 5037 466 5097 κατελύετο
494 5037 521 5095 τὸ
548 5037 711 5114 συμπόσιον,
726 5034 847 5115 κόγὼτῇ

37 5117 164 5200 {vaibar
178 5149 224 5205 μοι
234 5127 311 5204 κλίνῃ
327 5126 440 5200 ζυνήθως
457 5126 602 5191 ἀνακλιθεὶς
630 5124 705 5192 ὅλους
714 5123 788 5193 εύθύς
799 5126 849 5200 alp·

696 304 889 363 EUnrnTflu
912 304 982 364 [tls.
1007 304 1056 363 Vl.

1632 343 1687 392 555

898 462 909 483 a
922 443 960 491 ille
975 443 1017 493 libi
1030 445 1131 497 aratiam
1150 443 1235 493 relerat
1250 445 1388 494 laritissimm
1408 459 1497 494 meuse
1515 453 1577 506 tuae,
1592 439 1684 498 omnis}

898 566 910 590 ι
922 551 981 609 que‘·
988 547 1105 609 splendidi
1121 553 1248 610 apparatus
1265 562 1313 611 quo
1326 563 1370 598 uos
1381 550 1484 614 excipis,
1505 551 1529 599 iu
1546 553 1623 614 Elysio
1640 555 1683 601 aut

898 664 910 688 a
922 645 1045 695 beatorum
1070 647 1155 697 insulis
1175 649 1328 700 accumbenti
1353 649 1466 700 heroibus
1486 653 1624 701 convicium
1645 654 1680 701 in·

897 761 909 785 a
922 745 1026 794 sinaeus.
1059 745 1181 794 emiorum
1195 747 1220 794 te
1233 759 1316 808 precor
1329 748 1353 795 et
1365 746 1478 806 obsecro,
1490 748 1525 797 uti
1538 762 1593 798 curn
1606 763 1681 799 uxore

897 861 909 882 a
924 847 964 890 tua
979 844 1002 890 et
1016 842 1121 891 formoso
1135 843 1182 893 isto
1191 843 1349 894 caduceatore
1358 847 1406 906 (me
1417 844 1491 907 digito
1501 846 1677 908 demonstrans)

897 955 909 977 ι
924 936 1038 987 inurbem
1051 943 1158 988 nostram
1169 939 1436 990 ltulicominsuccedast-
1450 942 1676 991 etenimrartssrmao

900 1049 909 1073 ι
922 1029 989 1080 istius
1008 1031 1136 1094 llysmines
1151 1033 1249 1094 nuptias
1263 1032 1396 1083 sacrificare
1410 1033 1480 1083 uobis
1499 1034 1523 1082 iu
1547 1034 1626 1082 auimo
1643 1037 1681 1084 est

897 1147 909 1171 ι
923 1132 948 1178 ot
956 1131 1094 1192 nuptiarum
1103 1129 1257 1180 celebrationi
1266 1131 1401 1182 Diasiorum
1412 1134 1508 1195 tempus
1521 1132 1677 1182 coustitutum
1695 1159 1701 1170 ·

897 1245 909 1268 a
924 1230 973 1287 est,
986 1228 1075 1290 quibus
1093 1241 1159 1278 nunc
1170 1229 1272 1291 peractis
1288 1229 1369 1279 statim
1381 1229 1481 1279 domum
1497 1230 1595 1279 itionem
1609 1243 1677 1293 para·

897 1340 909 1363 a
923 1320 1015 1382 innuas,
1032 1334 1105 1384 quam
1123 1323 1183 1372 bene
1197 1326 1276 1372 vortat
1295 1323 1427 1385 sospitator
1441 1324 1545 1386 Jupiter.
1579 1325 1680 1374 iuvenis

896 1436 908 1458 a
922 1418 1002 1465 arrtem
1018 1417 1058 1465 cui
1074 1418 1203 1479 llysmiues
1219 1417 1287 1466 iatius
1303 1430 1364 1467 meae
1384 1418 1472 1480 jugalis
1485 1418 1562 1468 lectus
1574 1418 1678 1468 deruve-

896 1530 908 1553 «
925 1515 963 1558 tm·
979 1511 1138 1572 compatriota
1150 1511 1226 1572 nobis,
1245 1510 1393 1562 Autiromide
1412 1512 1537 1573 oduudus,
1561 1513 1679 1574 triplicem

896 1627 908 1648 ι
922 1606 1041 1656 latinitatis
1055 1607 1148 1656 cratera
1161 1611 1185 1656 ct
1201 1606 1298 1669 quidem
1312 1607 1473 1656 exundantem
1484 1608 1597 1669 miscuit;
1608 1614 1679 1658 caete·

896 1720 906 1740 ·
923 1714 975 1748 rum
992 1700 1106 1762 omnihus
1117 1700 1188 1750 animi
1203 1699 1300 1751 dotibus
1312 1701 1370 1751 ouili
1380 1702 1516 1762 secundus,
1535 1702 1680 1765 quibuscum

896 1818 907 1837 n
922 1796 1024 1846 virtutes
1042 1797 1149 1859 corporis
1160 1795 1303 1846 contendere
1323 1796 1445 1857 videntur,
1460 1798 1546 1847 cedere
1568 1798 1676 1848 nescias:

896 1913 907 1934 e
922 1892 955 1941 ita
967 1895 1067 1943 esterna
1079 1893 1186 1955 corporis
1198 1894 1223 1943 et
1236 1892 1311 1942 anlmi
1321 1892 1383 1941 bona
1397 1893 1516 1955 permixta
1526 1894 1590 1943 velut
1598 1906 1680 1957 requa-

896 2010 907 2030 ιι
922 1988 962 2038 hili
987 1992 1176 2052 temperamento
1202 1989 1302 2040 contusa
1329 1990 1394 2038 sunt.
1434 1989 1491 2038 Tale
1514 1988 1678 2038 dilectissimas
1755 2040 1757 2045 ,

895 2098 980 2135 «meae
1000 2085 1040 2135 isti
1058 2085 1115 2135 lrlioe
1135 2099 1178 2147 ego
1197 2087 1336 2148 primusque
1359 2085 1456 2148 Jupiter
1474 2085 1620 2134 connubium
1639 2084 1679 2134 de

896 2204 908 2226 ι
919 2184 1032 2244 stiuavit,
1044 2185 1111 2247 quod
1124 2189 1204 2234 tamen
1219 2185 1239 2234 si
1251 2196 1348 2234 mecum
1369 2184 1530 2246 navigaveris,
1546 2185 1678 2233 mmtlaute

896 2302 908 2325 ι
925 2282 1047 2344 Hysminia
1062 2285 1086 2331 ct
1098 2286 1175 2332 matre
1187 2263 1254 2345 ejus,
1263 2281 1356 2331 lelictus
1368 2281 1498 2331 ridebitur.
1510 2313 1541 2324 -
1557 2282 1625 2331 iovis
1634 2280 1680 2330 hoc

895 2399 906 2421 ι
921 2380 1060 2430 convivium
1067 2381 1115 2435 est,
1129 2378 1251 2442 respondit
1260 2381 1328 2441 pater
1337 2391 1404 2428 meos
1412 2378 1573 2437 Thenristeus,
1586 2387 1680 2436 nosque
1730 2376 1733 2383 '

896 2495 907 2516 ι
925 2474 1006 2524 Diaeta
1018 2473 1125 2537 agimus;
1135 2475 1160 2523 et
1169 2486 1257 2522 mensae
1266 2475 1291 2523 et
1305 2472 1391 2522 diebus
1403 2472 1469 2522 lestis
1479 2472 1589 2522 debitum
1602 2444 1677 2521 hono·

895 2589 907 2612 ι
923 2583 973 2620 rem
985 2572 1100 2633 praestare
1109 2569 1194 2630 deoet;
1206 2571 1292 2618 caetera
1306 2567 1373 2617 lovis
1383 2568 1408 2616 tn
1420 2567 1521 2629 genibus
1529 2569 1616 2617 sunt.»

925 2672 1024 2718 sidaec
1043 2668 1189 2727 sosthenes,
1209 2667 1249 2716 illa
1272 2669 1339 2730 pater
1361 2667 1518 2716 altercantur.
1555 2670 1615 2728 Ego,
1636 2680 1678 2728 per

894 2765 967 2822 deos,
988 2763 1102 2812 sensibus
1115 2761 1260 2824 deperditis,
1272 2764 1342 2810 extra
1366 2763 1495 2810 terminum
1513 2761 1600 2808 mentis
1617 2773 1680 2809 meae

894 2865 998 2928 positus,
1008 2876 1098 2912 menam
1109 2862 1281 2912 decumbebam
1291 2897 1298 2918 ,
1309 2864 1396 2909 statuae
1407 2862 1490 2919 instar,
1500 2860 1624 2921 animique
1635 2861 1681 2909 im·

894 2981 938 3030 pos
959 2967 1087 3015 inconnivo
1102 2966 1127 3015 tn
1147 2964 1243 3026 virginis
1256 2963 1350 3012 vultum
1372 2963 1458 3012 obtutu
1473 2963 1552 3021 tixus;
1565 2962 1682 3023 llysmtue

894 3079 952 3115 cero
962 3065 1037 3128 plenis
1048 3064 1209 3126 lacrymarum
1223 3064 1314 3122 oculis,
1325 3064 1460 3125 dextraque
1471 3064 1594 3112 sustineus
1610 3075 1682 3122 genas

894 3166 919 3213 et
939 3164 1066 3226 supercilia
1080 3162 1232 3222 contrahens,
1245 3161 1375 3210 cruciabile
1385 3161 1434 3209 imo
1445 3160 1476 3210 de
1492 3163 1590 3222 pectore
1602 3161 1681 3223 auspi·

895 3268 956 3316 rium
970 3267 1052 3326 dunt,
1072 3271 1223 3328 matremque
1234 3265 1378 3327 alloquuta,
1392 3284 1403 3306 ι
1420 3267 1504 3323 Μειοι,
1516 3265 1603 3325 iuquit,
1621 3263 1681 3313 mibi

895 3385 907 3409 ι
921 3364 1032 3415 condolet
1046 3367 1127 3428 caput.
1144 3385 1157 3408 ν
1197 3364 1241 3414 illa
1257 3366 1350 3424 autem,
1363 3383 1375 3407 ι
1389 3363 1473 3413 Redde
1492 3367 1515 3412 tc
1534 3363 1657 3423 cubiculo,
1668 3384 1680 3407 ι

894 3467 934 3516 ait.
964 3469 1049 3528 ltaque
1064 3465 1190 3528 perniciter
1202 3477 1285 3514 mensa
1307 3477 1422 3526 surgens,
1435 3464 1459 3512 io
1483 3463 1541 3513 illud
1562 3467 1627 3513 recta
1647 3463 1682 3513 ire

894 3571 1008 3632 perrexit.
1041 3571 1103 3617 Tum
1116 3571 1193 3618 mater
1200 3580 1253 3617 mea
1263 3569 1371 3627 Dianlea,
1379 3566 1409 3614 ad
1419 3564 1544 3617 Panthium
1555 3578 1682 3624 conversa,

896 3670 979 3727 «Quis
1001 3668 1127 3730 virginem,
1156 3669 1248 3730 inquit,
1272 3667 1413 3716 fascinavit?
1432 3693 1462 3702 -
1485 3666 1576 3726 Lingua
1596 3665 1681 3727 patris,

896 3790 908 3814 a
922 3769 1046 3832 respoudit
1064 3769 1177 3829 Panthia,
1190 3782 1246 3832 qum
1262 3769 1401 3831 nuptiarum
1423 3766 1562 3826 admonuit;
1577 3779 1681 3829 quarum

896 3894 907 3915 ι
921 3874 957 3922 ull
970 3884 1100 3924 nonomen
1115 3871 1213 3935 quidem
1223 3872 1310 3932 sciret,
1321 3871 1351 3920 ad
1364 3871 1411 3920 hoc
1426 3884 1504 3934 osque
1521 3870 1637 3932 temporis
1646 3869 1679 3918 dl·

896 3995 907 4017 ι
919 3973 1019 4036 tigeuter
1028 3973 1154 4035 cavimus;
1168 3974 1234 4035 virgo
1249 3973 1314 4022 euim
1328 3975 1353 4021 et
1368 3971 1456 4035 pudica
1466 3973 1512 4022 eat.
1526 3991 1538 4015 ι

925 4079 947 4125 l.
966 4079 1073 4135 caetera,
1087 4089 1144 4139 quare
1161 4081 1185 4124 lu
1199 4075 1311 4125 courirrlo
1323 4074 1473 4137 subsequuta
1483 4077 1555 4133 suut,
1568 4086 1616 4122 nou
1625 4086 1681 4136 per·

894 4172 962 4234 cepi;
976 4173 1008 4220 ita
1022 4171 1146 4221 sosthenis
1158 4170 1254 4231 verbis,
1265 4174 1381 4231 tauquam
1392 4169 1477 4219 sideris
1497 4169 1615 4231 procella,
1628 4181 1681 4229 per·

895 4269 998 4317 tractum
1010 4268 1134 4316 corruerat
1147 4271 1237 4328 caput;
1254 4264 1331 4313 immo
1343 4267 1426 4314 utrum
1439 4262 1532 4324 aliquid
1547 4261 1679 4311 manduca·

898 4363 987 4420 verim,
1002 4360 1187 4424 pertimendam
1207 4360 1272 4408 iilam
1294 4359 1418 4409 sosthenis
1431 4371 1525 4418 vocem,
1544 4371 1592 4404 non
1614 4357 1680 4404 novi.

893 4461 985 4507 verum
998 4457 1076 4506 bouus
1087 4457 1234 4515 sosthenes,
1252 4453 1293 4516 qut
1309 4454 1418 4516 nuptias,
1433 4465 1494 4514 qrras
1517 4451 1613 4499 obitura
1629 4454 1681 4500 erat

894 4554 1024 4615 ttysmine,
1041 4566 1086 4601 nos
1110 4551 1238 4611 docuerat,
1254 4569 1266 4592 ι
1278 4550 1435 4607 Themisteas,
1448 4548 1541 4609 inquit,
1554 4546 1604 4608 iam
1624 4547 1682 4596 satis

895 4649 1009 4700 «urenda
1024 4647 1201 4709 accubuimus,
1217 4645 1268 4707 iam
1280 4645 1338 4695 satis
1354 4645 1411 4694 rino
1427 4646 1452 4693 et
1465 4643 1524 4692 cibis
1540 4641 1681 4704 agminatim

895 4747 1017 4807 «ingestis
1036 4743 1193 4805 indulsimns;
1208 4756 1253 4792 uos
1269 4742 1368 4792 demum
1385 4740 1533 4800 dormitum,
1554 4739 1574 4788 si
1598 4753 1639 4801 per
1657 4743 1681 4789 te

895 4864 907 4887 ι
924 4845 993 4903 licet,
1011 4841 1187 4902 concedamus;
1205 4853 1253 4890 nox
1268 4839 1333 4889 enim
1346 4839 1434 4888 iterum
1448 4836 1479 4886 ad
1491 4849 1546 4887 aras
1567 4839 1592 4888 et
1605 4836 1679 4887 sacri·

895 4962 906 4985 ι
921 4941 973 4990 incia
991 4954 1035 4989 uos
1050 4944 1200 4988 convocat.»

926 5051 947 5093 5.
967 5046 1003 5093 tta
1018 5043 1096 5092 soluto
1111 5040 1224 5091 convivio
1243 5053 1282 5090 me
1294 5040 1415 5089 consueto
1428 5037 1518 5089 lectulo
1537 5037 1645 5097 reddidi,
1656 5042 1680 5087 et

893 5132 973 5185 subito
983 5133 1046 5182 ultra
1056 5144 1168 5181 somnum
1188 5129 1279 5179 lunrioa
1297 5127 1356 5179 mibi
1373 5127 1517 5191 rapiuntur;
1538 5125 1679 5176 dormientis
