3726 5692
142 341 186 418 re·
208 338 329 417 e—sr

141 470 216 550 χερσί
240 470 400 548 λαμπάδας,
419 472 463 532 τὸν
483 471 526 531 ἐπὶ
549 471 639 551 δίφρου
663 472 730 546 θεδν,
749 474 793 534 τὸν
813 476 855 533 ἐπ’
876 473 923 551 ἐμὲ

141 558 233 637 θυμὸν,
250 558 299 629 τὴν
314 562 348 625 ὡς
363 559 389 628 ἐξ
412 561 522 639 οὐρανοῦ
541 562 753 641 καταρραγεῖσαν
769 562 867 642 φωνὴν,
881 563 925 622 τὸν

141 645 203 722 ἐμὸν
218 646 361 724 ἑλκυσμόν,
376 646 423 718 τὴν
446 647 512 725 ἐμὴν
525 647 653 719 πάθησιν,
670 648 718 721 τὴν
740 652 785 720 τῆς
798 648 927 726 Ὑσμίνης

142 732 243 815 φωνὴν,
259 732 306 805 τὴν
330 734 397 817 θπὲρ
415 738 479 813 ἐμοῦ
491 735 645 816 πρισόείαν,
659 734 707 808 τὴν
724 741 771 795 τοῦ
786 742 844 796 θεοῦ
863 760 927 814 συγ-

114 822 261 901 ῠγνόιμην,
275 823 321 883 καὶ
339 825 384 884 erl
400 833 467 884 πᾶσι
481 824 582 893 τούτοις
600 825 644 884 τὸν
661 824 798 906 στέφανον.
843 824 876 887 Ὁ
891 825 927 898 δ’,

141 939 153 966 ε
175 911 259 972 Οὐδὲν
269 911 369 987 καινθν,
382 914 447 994 φησὶ
457 958 465 986 ,
475 914 617 980 πέπονθας·
632 917 705 995 ἐρᾷς,
721 915 750 973 ού
762 912 838 992 μόνος
849 916 926 995 ἐρᾷς,

142 1028 154 1052 ι
178 1000 247 1060 ἀλλὰ
260 999 305 1068 ξύν
326 1004 431 1068 πολλοῖς
447 1005 499 1060 τῶν
519 1005 632 1081 βροτῶν·
645 1001 691 1061 καὶ
706 1001 740 1061 τὰ
753 1001 819 1082 πρθς
833 1002 927 1082 ἔρωτος

141 1117 153 1140 ι
176 1092 310 1169 εὐτυχεῖς,
334 1090 469 1169 ἐρωμένην
497 1087 566 1169 ἔχων
588 1089 657 1150 οὕτω
676 1091 770 1162 καλὴν,
795 1091 841 1150 καὶ
863 1090 925 1164 δλην

140 1208 153 1236 a
175 1182 287 1260 ἐρῶσαν,
304 1180 349 1239 καί
364 1180 500 1260 ὑπηρέτην
515 1180 558 1240 τὸν
578 1180 697 1262 Ἔρωτα.
741 1181 831 1261 Καλὸν
844 1182 872 1240 δέ
885 1205 926 1241 σοι

101 1283 126 1321 1⁰
141 1297 153 1321 ι
178 1269 224 1328 καὶ
240 1268 322 1328 ύπνου
342 1270 449 1349 τυχεῖν·
464 1269 594 1349 ὀφθαλμοὶ
612 1267 663 1351 γάρ
676 1270 703 1339 lt
715 1270 809 1350 ἔρωτος
823 1269 926 1350 άγρυπ-

139 1384 152 1411 ε
175 1379 215 1416 νοι
232 1359 405 1437 ἀνελέγχουσι
420 1359 462 1437 ψυ·
474 1356 506 1428 ὴν
521 1359 634 1437 ἐρῶσαν,
647 1358 691 1417 καί
714 1357 803 1439 ὥσπερ
818 1361 925 1436 γλῶσσα

94 1435 98 1443 ’
139 1471 151 1497 ι
174 1446 359 1527 φιλοκίρτομος
376 1448 425 1505 οὐκ
442 1380 495 1504 ούδε
514 1447 637 1525 κρύπτειν
660 1445 815 1527 μυστήριον,
840 1446 925 1516 ούτως

139 1559 152 1586 ι
174 1533 308 1613 ὀφθαλμὸς
318 1532 399 1593 ύπνου
412 1535 545 1613 στερηθεὶς
556 1533 661 1614 φωτίζει
674 1533 718 1592 τθν
730 1533 824 1613 ἔρωτα.
844 1561 857 1588 a

179 1640 201 1680 l·
224 1619 259 1683 ‘0
269 1614 313 1681 σύν
327 1623 507 1704 Κρατισθένης
522 1621 595 1688 εὐθὺς
612 1621 754 1682 ὑπνώττων
772 1621 925 1704 άνίρεγχεν,

101 1727 125 1765 rs
139 1709 202 1786 ἐμοῦ
219 1710 247 1768 δὲ
260 1709 320 1777 τοθς
338 1710 487 1792 ὀφθαλμοὺς
500 1714 514 1769 θ
529 1710 608 1779 ὕπνος
618 1709 751 1793 ἐξέφυγεν,

200 1831 386 1896 Ἐρωτοόλήτους
395 1834 440 1896 γὰρ
452 1833 515 1896 pete
521 1850 544 1882 τι
555 1832 645 1896 φεύγων
655 1835 723 1896 φιλεῖ.

102 1922 106 1929 Ι
140 1963 196 2023 ilat
221 1962 341 2036 ἐδόκουν,
361 1964 393 2037 νὴ
421 1963 480 2031 τοὺς
503 1962 591 2042 θεοὺς,
617 1965 679 2031 όλας
702 1963 855 2045 ὀρύττεσθαι
879 1965 925 2034 τὰς

138 2051 269 2131 πλευράς·
286 2051 350 2124 καὶ,
368 2052 400 2123 νὴ
416 2051 460 2110 τὸν
475 2049 601 2130 Ἔρωτα,
624 2050 669 2123 τλν
684 2050 825 2131 στρωμνὴν
843 2053 925 2113 ἀκάν-

137 2145 206 2199 θινον
227 2129 308 2220 εἶχον,
323 2140 370 2200 καῖ
380 2144 416 2208 ὡς
431 2142 474 2200 ἐπὶ
486 2139 571 2221 πυρᾶς
584 2141 743 2217 όπτούμενος
758 2143 844 2201 πυκνὰ
853 2165 926 2221 στρε·

98 2244 126 2284 eu
137 2227 248 2309 ρόμενος
262 2222 311 2306 ἦν,
332 2227 421 2310 ῶσπερ
441 2255 468 2289 τι
483 2235 555 2306 θῶμα
578 2229 666 2289 καινὸν
691 2228 872 2307 ἐξωπτημένος
887 2232 925 2312 τῷ

137 2313 249 2397 Ἔρωτι.
277 2318 333 2391 Την
348 2320 450 2398 ἡμέραν
473 2319 617 2397 ἐπεθύμουν
641 2319 712 2378 ἰδεῖν·
737 2319 925 2400 ὠνειροπολουν

137 2403 187 2478 τὴν
197 2408 329 2488 τράπεζαν
340 2408 385 2467 καὶ
392 2407 440 2480 τὴν
455 2407 584 2485 Ὑσμίνην
595 2412 737 2486 κιρνῶσαν,
750 2436 763 2461 ι
770 2406 816 2469 Ἂν
829 2408 925 2490 elipe,

137 2492 240 2573 λέγων,
265 2497 309 2555 τὸν
336 2496 478 2572 δάκτυλον,
503 2496 716 2570 ἀντιθλιύησεταε
738 2496 924 2578 γενναιότερον.

140 2611 154 2638 ε
178 2584 250 2646 Ἀλλ’
257 2574 346 2668 ἔθλιψε
354 2585 478 2666 χθέςίναῖ
484 2585 608 2659 θλιόέτω,
619 2585 665 2645 καλ
676 2584 772 2646 πάλιν·
789 2585 821 2645 θν
833 2586 924 2668 θλίψη,

96 2689 152 2730 τοι
173 2675 336 2748 θλιύήσεταε·
353 2677 376 2735 el
388 2677 411 2734 δ’
429 2677 459 2735 οὐ
480 2675 584 2756 θλίψει,
608 2674 772 2746 θλιόήσεται.
816 2672 863 2735 Ἂν
880 2678 925 2737 τὸν

138 2790 152 2818 e
172 2762 242 2825 πόδα
255 2765 367 2846 ἐπιθήσῃ
380 2788 429 2843 μου
450 2769 489 2846 τῷ
500 2764 576 2838 ποδί,
590 2767 645 2824 τοῖν
659 2765 748 2824 ποδοῖν
762 2761 814 2841 ἐγὼ
829 2786 924 2844 προσε-

139 2880 152 2905 s
173 2852 279 2926 πιθησω
288 2855 333 2915 τὸν
350 2853 446 2936 ἕτερον·
457 2853 488 2912 δν
502 2854 643 2935 Χαίροις
662 2851 742 2933 εἴπῃ,
756 2854 925 2922 ἑκατοντάκις

141 2969 155 2994 ¹
178 2945 289 3024 Χαῖρε
301 2943 415 3003 ἀκούσει·
430 2942 461 3001 ἂν
470 2943 501 3003 τὸ
509 2942 684 3023 προσκύνημα
696 2939 796 3022 κλέψῃ,
808 2964 925 3021 προσκυ-

137 3058 151 3085 s
172 3031 315 3105 νηθήσεται
330 3034 456 3114 φανερῶς·
468 3030 499 3090 διν
511 3036 660 3112 προικροφῇ
672 3053 722 3107 μου
731 3034 779 3089 τοῦ
789 3031 924 3110 ποτηρίου,

96 3135 124 3177 ee
138 3148 151 3173 ι
172 3119 236 3192 δλην
246 3121 385 3201 ἐκροφήσω
402 3117 450 3190 riu
470 3119 550 3198 κόρην
570 3118 654 3186 αθτός·
666 3117 698 3177 δν
719 3116 803 3199 stilti
818 3117 865 3190 τὴν
879 3118 926 3178 κύ-

138 3235 150 3261 ·
171 3210 253 3282 λικα,
269 3209 314 3268 καὶ
329 3207 377 3280 τὴν
387 3210 464 3289 χεῖρα
473 3206 569 3279 ταύτης
583 3210 620 3289 τῷ
636 3208 756 3289 ποτηρίῳ
768 3207 925 3290 ξυνεφελκύ-

138 3324 150 3349 ι
172 3319 263 3373 σομαι·
276 3298 307 3357 διν
317 3296 377 3365 τοὺς
391 3296 471 3363 πόδας
483 3294 596 3376 ξυνέχῃ,
610 3297 655 3356 καλ
670 3294 816 3378 ξυνέχουσα
832 3296 922 3377 θλίόῃ,

140 3413 154 3439 ι
176 3386 223 3445 καλ
236 3386 361 3447 θλίύουσα
375 3388 455 3466 φιλῇ,
466 3386 510 3444 καὶ
523 3391 633 3467 φιλοῦσα
644 3384 746 3466 κλέπτῃ
761 3386 791 3446 τδ
805 3386 921 3468 φίλημα,

139 3500 151 3525 ·
172 3473 267 3544 ξυνέξω
279 3475 368 3554 κάγὼ,
380 3475 426 3536 καὶ
436 3474 536 3555 θλίψω,
553 3473 599 3534 καὶ
614 3474 711 3534 θλίόων
728 3475 840 3558 φιλήσω·
855 3475 924 3548 πλὴν

98 3581 152 3621 aes
174 3567 223 3644 οὐχ
239 3565 381 3647 θποκλέψω
398 3563 428 3623 τδ
443 3563 556 3644 φίλημα.
599 3561 645 3623 'Au
660 3565 808 3646 γαργαλίσῃ
819 3588 869 3643 μου
882 3563 925 3623 τδν

138 3679 150 3704 ι
173 3653 259 3727 πόδα,
274 3652 499 3733 καταγαργαλίσω
509 3649 558 3722 τὴν
569 3650 649 3730 κόρην
667 3652 763 3726 αὐτὸς,
781 3652 827 3712 καί
841 3652 925 3712 πείσω

139 3768 155 3795 ι
180 3743 278 3815 ταύτην
292 3741 318 3812 ἐξ
330 3743 425 3815 ἡδονῆς
437 3739 627 3819 ἀνακαγχάσαι
635 3740 679 3797 καλ
689 3738 791 3819 ἔρωτος.
801 3737 847 3800 *eiu
858 3739 925 3817 μετὰ

140 3859 154 3884 ιι
177 3832 209 3891 τδ
219 3832 322 3891 δεῖπνον
334 3829 438 3912 α’λγάσῃ
448 3830 492 3890 τὸν
501 3829 581 3898 πόδα,
598 3827 629 3887 δν
645 3829 753 3907 δευτέρα
767 3835 812 3887 τοῦ
827 3830 926 3908 πατρὸς

138 3947 151 3972 ι
173 3918 219 3978 καλ
236 3924 284 3994 τῆς
304 3920 402 4001 μητρδς
429 3916 588 4000 δξερχομένη
614 3920 736 3998 μονωθῇ,
753 3915 925 3994 ἐπιλάθωμαι

96 4025 127 4064 συ
139 4035 152 4062 ι
173 4014 219 4068 τοῦ
231 4009 374 4090 πληγέντος
389 4008 484 4080 ποδθς,
502 4005 677 4087 καταφιλήσω
690 4005 719 4065 εδ
732 4012 860 4086 τραῦμα,
873 4005 921 4077 τλν

140 4127 152 4150 ι
174 4097 280 4178 πληγὴν
311 4097 576 4180 πολυπραγμονήσω,
606 4093 714 4167 ζητήσω
732 4093 765 4154 ιδ
789 4093 925 4176 πρόσφορα

141 4217 152 4240 ι
174 4188 322 4270 φάρμακα,
344 4185 516 4259 κατεπιθήοω
530 4190 633 4257 ταῦτα,
648 4183 697 4256 τὴν
712 4182 792 4255 οὔλην
802 4204 925 4259 καταμα·

141 4304 153 4327 ι
174 4276 246 4347 lette
259 4285 349 4337 πᾶσαν
364 4279 505 4356 ἰατρικῶς,
521 4276 730 4350 ἐπιστημονικῶς
744 4270 925 4347 άντρευνησω,

142 4396 153 4420 ι
175 4367 221 4428 καλ
230 4366 294 4440 δλην
307 4366 427 4442 ἰάσομαι.
435 4364 533 4427 Οὐκέτι
543 4363 586 4422 τθν
596 4362 676 4437 θυμδν
688 4358 773 4439 ὑφέξω
781 4362 826 4417 τοῦ
840 4351 939 4445 'Epo
973 4402 987 4426 .

96 4480 128 4521 ts
143 4483 158 4512 a
180 4479 240 4535 τος,
257 4456 347 4516 οὐκέτι
365 4453 628 4530 κατονειδισθήσομαι
644 4451 688 4510 τδν
708 4447 851 4526 παρθένον,
866 4449 925 4507 οὐκ·

142 4575 155 4600 «
176 4547 215 4609 ότι
241 4546 286 4607 τδν
315 4545 437 4629 σώφρονα
462 4538 755 4622 κατειρωνευθήσομαι,
779 4540 825 4595 καὶ
853 4535 927 4595 τᾶλλ’

142 4663 155 4687 ι
178 4632 278 4709 mere,
288 4634 320 4709 νὴ
331 4635 375 4694 τὸν
383 4631 504 4714 Ἔρωτα,
514 4631 643 4692 πέπονθα.
686 4624 732 4685 Ἂν
748 4624 782 4684 rte
793 4622 928 4705 πρόσφορα

142 4752 154 4775 ι
176 4726 209 4805 τῇ
233 4723 307 4782 νυκτὶ
323 4722 443 4804 ζητήσῃ,
465 4716 767 4797 συγκοιμηθήσομαιτῇ
791 4712 926 4793 παρθένῳ,

144 4842 155 4864 ι
178 4814 225 4871 καὶ
248 4812 402 4890 νήδυμον
421 4812 466 4871 τδν
494 4810 573 4869 ύπνον
598 4802 754 4885 ἀνακηρύξω
772 4806 926 4874 ποιητικῶς.

95 4919 130 4961 so
143 4931 154 4950 ι
177 4898 249 4973 Ἤδη
265 4901 293 4960 δέ
306 4925 352 4981 μοι
361 4909 415 4967 τοῖς
426 4902 568 4982 ὀφθαλμοῖς
582 4896 738 4964 σπένδεται,
751 4886 796 4948 καλ
811 4887 862 4961 ἤδη
873 4910 929 4948 κοι·
975 4891 988 4915 “

142 5017 155 5045 Ι
177 5015 371 5158 &plepem
392 5074 444 5158 θγῶ
464 5076 524 5157 πιρλ
537 5074 581 5134 τδν
597 5072 678 5131 ύπνον
696 5069 742 5130 καὶ
759 5065 854 5146 ηκόρη
868 5062 929 5145 περὶ

146 5175 210 5256 ὶμλ,
222 5171 268 5232 καλ
283 5168 426 5252 προφθάνει
442 5167 490 5240 τὴν
507 5164 610 5246 ἡμέραν
622 5161 669 5222 καλ
681 5161 712 5220 eb
722 5160 824 5218 δεῖπνον
839 5158 857 5226 ἡ
872 5152 928 5227 νθξ,

771 342 964 402 ebrientur
995 345 1069 403 ΗΒ.
1095 346 1147 404 lii.

1701 361 1757 411 5³5

970 489 1135 545 erumpentem
1150 485 1216 534 reiut
1229 498 1243 533 e
1256 486 1317 534 eoelo
1330 498 1429 544 rocem,
1453 487 1611 548 repletionem
1628 501 1721 550 meam,
1733 491 1760 539 et

971 603 1134 652 quaecumque
1147 604 1232 654 pessus
1250 605 1330 652 erem,
1351 593 1478 654 iiysmines
1497 594 1585 654 rerba,
1608 608 1690 657 preces
1711 599 1758 647 mei

971 710 1043 747 eausa
1054 697 1154 759 ellusas,
1167 703 1346 766 exoratemque
1358 699 1463 748 numinis
1476 712 1568 761 penem,
1585 705 1608 749 et
1621 714 1693 762 super
1706 702 1757 752 brae

971 803 1052 851 omnia
1068 803 1204 863 impositam
1215 801 1286 865 eapiti
1303 815 1358 852 meo
1372 816 1495 853 eoronam.
1508 824 1521 846 ι
1534 804 1598 854 Nihil
1614 806 1701 854 auciriit
1716 806 1758 855 tibi

972 926 984 951 ε
1001 907 1074 971 nuri,
1087 907 1209 969 respondit
1229 906 1392 958 cratistbsnes
1406 927 1412 957 ε
1428 922 1509 969 amas,
1526 922 1570 959 nee
1594 910 1660 959 solus
1675 923 1758 970 amne,

972 1033 984 1056 ι
1002 1014 1043 1064 sed
1058 1027 1113 1062 eum
1129 1013 1266 1062 mortalium
1280 1012 1398 1075 pluribus,
1413 1015 1486 1064 etiem
1501 1016 1527 1063 in
1543 1028 1625 1065 amore
1639 1022 1680 1064 tuo
1692 1016 1757 1077 ielis,

972 1140 984 1162 a
1002 1119 1124 1168 dominam
1140 1118 1200 1169 arleo
1220 1118 1350 1168 formosam
1371 1121 1506 1181 mutuoque
1521 1124 1643 1170 amantem
1657 1125 1758 1180 nactus,

972 1245 984 1268 a
1002 1226 1050 1274 imo
1064 1224 1143 1287 ipsum
1154 1230 1264 1276 Amorem
1280 1226 1405 1276 famulum.
1432 1227 1533 1289 Expedit
1546 1228 1627 1277 tamen
1639 1231 1664 1277 et
1673 1241 1759 1277 somno

972 1354 984 1378 e
1003 1332 1126 1394 lrui3nam
1139 1332 1222 1394 vigiles
1231 1333 1295 1382 ocull
1305 1335 1428 1383 amantem
1441 1333 1549 1382 animum
1560 1334 1673 1397 produnt,
1684 1337 1759 1398 utque

973 1458 986 1481 ι
1003 1438 1071 1489 δίαινε
1086 1438 1166 1499 lingue
1175 1437 1289 1501 mysteria
1300 1438 1432 1488 celereuon
1443 1440 1535 1501 potest,
1544 1439 1577 1489 ita
1591 1440 1759 1490 oculussomni

972 1564 983 1586 ι
1001 1558 1088 1608 expers
1099 1549 1219 1594 amantem
1231 1544 1345 1594 declarat.
1364 1564 1376 1587 ν

1001 1635 1024 1680 i.
1043 1631 1373 1694 crauameneslgimrsubiro
1388 1632 1543 1682 obdormiens
1557 1633 1645 1682 ilerum
1660 1638 1760 1687 stertere

970 1721 1056 1782 empit;
1069 1733 1153 1769 rerum
1165 1719 1195 1768 ab
1205 1721 1282 1771 oeulis
1295 1721 1354 1770 meis
1362 1719 1489 1771 recedebat
1500 1733 1613 1779 somnus,
1625 1735 1681 1771 uam

1024 1840 1106 1882 tmere
1115 1842 1193 1894 captos
1205 1847 1298 1882 ιοιιιιιοι
1307 1848 1376 1894 usque
1385 1835 1480 1893 delusit

970 1975 1001 2022 Et
1019 1987 1061 2037 per
1079 1973 1153 2033 deos,
1172 1971 1270 2023 videbar
1294 1973 1390 2036 penitus
1408 1974 1538 2034 transadigl
1563 1977 1651 2035 costas,
1669 1988 1760 2037 perque

970 2080 1099 2135 Amorem,
1121 2078 1224 2126 stratum
1240 2075 1346 2127 obsitum
1367 2077 1442 2139 spinis
1457 2076 1587 2136 incubare,
1605 2081 1630 2127 et
1643 2081 1758 2140 tanquam

970 2193 1041 2243 super
1052 2193 1136 2242 rogum
1150 2192 1252 2238 maaser,
1262 2179 1406 2229 ereberrime
1423 2185 1476 2229 toro
1488 2180 1631 2230 resolvebar
1640 2182 1759 2244 quasique

970 2282 1074 2332 insolens
1087 2282 1186 2331 victime
1201 2281 1283 2331 Amori
1297 2282 1391 2330 exuste.
1410 2280 1480 2329 illem
1493 2279 1576 2330 ridere
1598 2281 1758 2344 exoptabam

969 2380 1051 2431 anlmo
1063 2381 1203 2431 convivium
1227 2378 1345 2439 fingebam
1362 2382 1388 2428 et
1401 2379 1532 2441 iiysmlnen
1551 2377 1635 2428 rinmn
1657 2380 1758 2430 missen·

970 2481 1027 2531 tem.
1046 2499 1059 2524 ι
1074 2481 1099 2530 Si
1110 2479 1227 2542 digitum,
1248 2476 1387 2540 inquiebam
1397 2514 1403 2536 ,
1415 2479 1541 2540 presserit,
1555 2478 1641 2528 lortius
1655 2479 1759 2528 rieesua

971 2601 984 2627 ι
1002 2584 1131 2645 premetur.
1164 2580 1317 2632 Verumberi
1336 2579 1422 2642 pressit
1437 2599 1444 2629 ε
1459 2583 1523 2642 esto,
1544 2582 1682 2642 premetur,
1695 2582 1721 2629 et
1738 2581 1759 2630 ei

971 2704 984 2729 ιι
1001 2687 1088 2736 iterum
1099 2685 1219 2748 presserit,
1232 2685 1370 2747 premetur;
1381 2683 1432 2733 sire
1441 2695 1490 2732 nou
1503 2683 1623 2745 presserit,
1635 2684 1759 2745 premetur

971 2808 983 2832 ι
1000 2791 1091 2839 tamen.
1106 2786 1130 2836 si
1148 2786 1231 2849 perlem
1245 2786 1301 2849 pedi
1315 2791 1370 2834 meu
1381 2785 1535 2847 imposuerit,
1549 2786 1652 2834 alterum
1672 2785 1757 2846 pedem

972 2909 984 2931 ι
1001 2886 1103 2951 pedibus
1116 2886 1168 2947 ejus
1185 2887 1307 2946 imponam
1318 2901 1325 2946 ς
1338 2884 1358 2932 ei
1374 2884 1467 2932 salvere
1484 2882 1558 2932 semel
1574 2883 1687 2944 jusserit,
1700 2896 1758 2931 een-

972 3008 984 3031 «
999 2989 1043 3038 lies
1060 2985 1127 3034 iiiam
1145 2983 1238 3033 salvere
1252 2981 1361 3043 iubebo,
1377 2981 1397 3030 si
1419 2980 1481 3029 elem
1506 2980 1662 3039 salutaverit,
1682 2981 1758 3040 palam

972 3108 983 3131 ι
1001 3086 1162 3146 salertabiiur3
1173 3086 1193 3134 si
1206 3083 1318 3147 poculum
1329 3081 1475 3146 prelibarit,
1489 3095 1538 3131 uno
1551 3081 1641 3130 liaustu
1656 3082 1757 3144 puellam

971 3207 983 3232 e
1002 3188 1078 3248 ipsam
1094 3183 1206 3244 ebibam;
1217 3183 1238 3232 si
1253 3181 1354 3231 calicem
1369 3180 1510 3242 retinuerit,
1528 3192 1627 3228 menum
1638 3179 1691 3240 ejus
1702 3194 1757 3230 cum

971 3305 983 3330 ε
1001 3281 1253 3348 poenleeonlrabnm;
1273 3278 1368 3343 quorlsi
1383 3277 1456 3342 peries
1466 3278 1660 3336 meosretinere,
1676 3283 1757 3327 reten-

972 3406 984 3430 «
1001 3389 1086 3449 tosqne
1110 3394 1218 3446 premere
1237 3379 1262 3430 et
1281 3392 1376 3443 pressos
1397 3378 1505 3439 basiare,
1530 3377 1675 3438 besianeque
1693 3377 1758 3426 basia

971 3511 983 3534 ε
1001 3487 1076 3538 iurari
1096 3487 1192 3551 pergat,
1214 3483 1323 3534 retinebo
1353 3486 1377 3532 et
1403 3493 1448 3544 ego
1469 3479 1535 3530 illem
1559 3492 1715 3541 premereque
1734 3484 1759 3530 et

971 3612 983 3635 ι
1001 3602 1108 3654 pressam
1125 3587 1223 3638 basiebo
1237 3585 1283 3635 nisi
1300 3583 1365 3647 quod
1378 3581 1489 3632 sutrium
1507 3592 1556 3628 non
1573 3578 1719 3628 suilurabor.
1733 3579 1758 3629 Si

971 3710 984 3734 ε
1002 3689 1085 3752 pedem
1095 3699 1176 3736 meum
1188 3681 1333 3740 titillaverit,
1345 3678 1450 3744 puellam
1460 3679 1486 3728 et
1497 3689 1542 3739 ego
1553 3675 1666 3736 titillnbo,
1679 3675 1757 3725 illam·

971 3807 984 3831 ι
1001 3801 1049 3850 que
1060 3785 1124 3836 adid
1139 3785 1258 3835 addueem
1275 3784 1301 3832 ul
1312 3794 1361 3844 prm
1371 3779 1497 3841 voluptate
1511 3789 1540 3826 ac
1555 3789 1638 3825 amore
1647 3776 1672 3825 in
1682 3776 1757 3825 risum

971 3909 983 3931 r
1001 3885 1148 3938 eiiuorlatur.
1180 3886 1204 3936 Si
1217 3886 1270 3948 poet
1279 3895 1374 3933 emnam
1385 3882 1470 3944 pedem
1480 3879 1600 3938 doluerit,
1614 3878 1634 3926 si
1649 3881 1702 3938 post
1715 3890 1757 3939 pa·

971 4005 982 4028 ι
1002 3992 1063 4036 trem
1077 3988 1102 4036 et
1113 3985 1216 4034 lustrem
1227 3982 1350 4045 egrediens
1366 3978 1418 4029 sule
1431 3977 1582 4037 remanserit,
1594 3975 1710 4039 eeeipiam
1723 3976 1759 4025 oi-

972 4103 984 4127 «
1002 4083 1096 4133 tensum
1106 4081 1206 4146 ροδειο,
1219 4079 1353 4142 vulnusque
1371 4075 1527 4126 deoseuiabur
1543 4079 1568 4125 et
1588 4074 1684 4125 vulneri
1701 4073 1757 4123 dili-

972 4201 984 4224 ι
1002 4182 1085 4242 genter
1095 4179 1202 4241 inspecto
1215 4177 1338 4239 aptissima
1351 4172 1527 4223 medicamenta
1543 4170 1662 4232 inquiram
1680 4170 1755 4230 impo-
1801 4217 1805 4224 ,

973 4300 985 4323 «ι
1004 4289 1118 4341 namque,
1126 4281 1151 4327 el
1159 4273 1294 4324 cicatricem
1303 4269 1399 4330 lorebo,
1410 4267 1496 4317 mediet
1506 4268 1592 4327 instar,
1605 4266 1756 4325 solerterque

1004 4375 1163 4440 exquisitam,
1178 4373 1253 4420 totam
1272 4366 1369 4418 sanabo.
1386 4367 1440 4414 Non
1460 4362 1565 4424 amplius
1582 4359 1678 4409 Amoris
1696 4357 1757 4405 iram

973 4498 985 4522 ι
1002 4474 1128 4538 experiar,
1149 4481 1196 4518 uun
1211 4465 1315 4527 amplius
1332 4460 1468 4511 uastitatem
1491 4457 1549 4506 milri
1565 4455 1693 4516 objicient,
1707 4464 1756 4501 non

973 4601 986 4625 a
1003 4579 1106 4642 amplius
1127 4569 1308 4636 temperantiam
1323 4563 1499 4617 eariilabuulur
1512 4562 1661 4618 ceteraque,
1683 4559 1756 4603 Amo·

973 4697 986 4721 ι
1004 4690 1054 4727 rem
1064 4676 1148 4733 testor,
1161 4682 1216 4732 quae
1234 4678 1316 4730 pessus
1329 4673 1440 4712 sumnon
1453 4656 1570 4718 experiar.
1586 4653 1611 4702 Si
1628 4652 1757 4700 nocturnas

974 4795 987 4818 ε
1005 4762 1344 4834 volupuresquesierit,curn
1355 4751 1549 4819 puellaeubitum
1559 4743 1759 4806 concedamdul·

1005 4879 1107 4930 oemque
1126 4872 1236 4912 somnum
1253 4855 1346 4920 poetico
1366 4862 1433 4900 more
1453 4843 1610 4897 denuntiabo.
1642 4839 1690 4891 sert
1707 4839 1757 4901 jans

976 4987 988 5010 ιι
1005 4961 1136 5016 luminibus
1147 4956 1208 5007 meis
1222 4951 1355 5004 iulundltnr
1365 4958 1447 5009 sopor,
1455 4943 1553 5005 iamque
1562 4936 1699 4988 obdormio.
1714 4954 1726 4978 ν

1007 5066 1030 5110 5.
1048 5059 1078 5108 Al
1088 5057 1150 5106 inter
1161 5046 1329 5102 dormiendum
1339 5043 1402 5094 elren
1412 5035 1621 5103 pueliamanimut
1630 5031 1758 5089 versatur3

975 5157 1057 5220 sieque
1071 5153 1135 5202 diem
1147 5161 1176 5198 ee
1188 5142 1326 5196 conuiuium
1344 5150 1393 5189 nos
1405 5132 1526 5199 praeeessit
1541 5144 1548 5175 τ
1561 5132 1586 5180 et
1593 5126 1692 5185 omnia,
1705 5135 1759 5186 ‹1¹1oe
