3726 5692
158 328 215 379 288

158 449 202 506 τὸν
219 452 270 505 τῶν
293 445 435 524 ἀνθρώπων
459 447 532 526 βίον,
553 446 774 505 ἀνακαλύπτουσα
794 444 841 517 τὴν
858 446 944 504 αἰτίαν

693 316 907 377 HELIODORI
928 317 1239 381 AETHIOPICORUM

996 470 1093 508 causam
1107 459 1271 522 expositionis.
1304 461 1378 511 liubin
1390 463 1493 523 maiores
1504 476 1536 513 ex
1544 462 1590 513 dlis
1601 464 1703 527 quidem
1717 471 1780 527 mul,

158 541 205 607 τῆς
217 536 350 599 ἐκθέσεως.
394 534 475 608 Ἡμῖν
498 534 633 614 πρόγονοι,
657 538 721 592 θεῶν
742 534 790 611 μὲν
810 533 946 599 Ἥλῑόιτὲ
992 552 1069 602 Solet
1090 552 1210 603 Baeolrus.
1243 555 1317 602 Porro
1341 568 1372 603 ex
1390 568 1493 605 numero
1507 555 1624 619 heroum,
1640 561 1742 610 Ροτεειιε
1756 565 1779 610 ει

159 624 204 682 καὶ
231 624 370 694 Διόνυσος,
394 622 487 703 ἡρώων
513 624 540 680 δέ
572 622 690 702 Περσεύς
718 646 745 680 τε
770 623 815 680 καὶ
842 621 945 701 Ἀνδρο-
992 648 1433 713 Αῃηωωθὼθςμρωῃοῃρθςγω,
1464 652 1495 702 μς
1511 653 1594 715 igitur,
1608 655 1778 719 quqffgqm

159 713 227 789 μέδα
244 711 289 770 καί
305 709 419 787 Μέμνων
440 712 483 768 ἐπὶ
507 709 619 778 τούτοις·
645 709 669 768 ol
683 709 715 780 δὴ
729 709 776 776 τθις
800 709 947 789 βασιλείους

131 825 144 863 a
160 800 238 867 αὐλὰς
249 798 318 858 κατδι
332 797 437 879 καιρούς
449 799 617 879 ἱδρυσάμενοι
626 807 682 865 ταῖς
699 798 751 856 ἀπδ
765 797 864 857 τούτων
878 821 946 881 γρα-

158 889 217 968 ραῖς
234 886 396 964 ἐκόσμησαν.
437 886 494 953 Τδις
510 886 557 963 μὲν
574 885 606 958 δὴ
626 891 678 945 τῶν
693 887 780 945 ἀλλων
801 886 900 953 εἰκόνας
918 910 946 945 τε

158 977 203 1034 καί
222 975 328 1055 πράξεις
347 975 461 1055 ἀνδρῶσί
481 999 509 1033 τε
534 976 578 1033 καὶ
602 974 769 1055 περιδρόμοις
793 974 944 1057 ἐνέγραφον,

158 1064 216 1131 τούς
242 1065 269 1123 δέ
305 1064 440 1142 θαλάμους
469 1065 522 1131 τοῖς
550 1063 722 1145 Ἀνδρομέδας
744 1064 790 1122 καὶ
825 1063 947 1142 Περσέως

158 1151 251 1231 ἔρωσιν
264 1154 423 1213 ἐποίκιλλον.
465 1151 598 1212 ’Erratis
605 1157 663 1211 ποθ’
678 1158 749 1229 ἡμᾶς
760 1152 868 1210 δεκάτου
878 1175 945 1232 παρ·

121 1272 144 1312 10
158 1241 266 1312 ήκοντος
280 1241 364 1313 ἔτους,
384 1239 409 1308 ἐξ
423 1231 452 1298 οὐ
466 1264 499 1317 με
514 1240 632 1317 γαμετὴν
647 1238 787 1310 Ὑδάσπης
798 1238 947 1320 ἐγνώρισεν,

159 1330 233 1388 οὔπω
245 1353 274 1387 τε
287 1331 389 1392 παίδων
400 1333 466 1404 ἡμῖν
479 1328 633 1407 γεγονότων,
641 1330 748 1409 ἠρεμεῖν
760 1328 790 1387 τὸ
800 1328 947 1409 μεσημόρι·

159 1419 203 1477 νδν
222 1417 387 1489 συνέόαινεν,
407 1415 489 1476 ὕπνου
506 1421 605 1492 θιρινού
620 1417 825 1484 κατακλίναντας
843 1417 887 1475 καί
902 1441 947 1494 μοι

160 1507 205 1564 καί
219 1506 382 1586 προσωμίλει
396 1505 454 1564 τότε
469 1508 482 1563 θ
496 1505 584 1586 πατὴρ
599 1508 613 1563 θ
627 1505 686 1578 σδς,
701 1505 765 1586 ὄναρ
784 1507 855 1586 αὐτῷ
870 1511 947 1565 τοῦτο

159 1593 273 1653 κελεύειν
285 1592 469 1671 ἐπομνύμενος·
490 1591 609 1672 ᾐσθόμην
629 1617 656 1652 τε
675 1597 841 1673 παραχρῆμα
852 1617 947 1674 auoqu-

122 1709 145 1748 ιε
161 1682 265 1763 ρήσασα
280 1681 327 1754 τὴν
348 1679 511 1752 καταθολήν.
555 1680 590 1741 '0
604 1680 650 1756 μὲν
672 1681 704 1751 δὴ
721 1682 799 1761 μέχρι
813 1687 857 1740 τοῦ
871 1681 947 1741 τόκου

159 1771 252 1851 χρόνος
286 1770 362 1850 ἑορτὴ
374 1769 512 1846 πάνδημος
521 1761 552 1841 ἦν
566 1769 786 1851 καὶχαριστήριοι
799 1769 884 1828 θυσίαι
896 1769 948 1835 τοῖς

159 1861 240 1937 θεοῖς,
256 1864 291 1927 ὡς
302 1866 347 1919 τοῦ
362 1857 491 1939 βασιλέως
503 1858 624 1936 διάδοχον
636 1863 681 1916 τοῦ
691 1859 779 1935 γένους
789 1858 945 1926 ἐλπίζοντος.

158 1946 269 2020 Ἐπειδὴ
282 1949 309 2007 δέ
327 1973 355 2007 σε
366 1948 463 2018 λευκὴν
477 1946 615 2020 ἀπέτεκον,
633 1947 799 2028 ἀπρόσρυλον
816 1945 947 2007 Αἰθιόπων

157 2036 250 2118 χροιδιν
264 2037 484 2115 ἀπαυγάζουσαν,
497 2035 549 2112 ἐγὼ
564 2034 613 2110 μὲν
627 2036 674 2106 τὴν
696 2036 782 2094 αἰτίαν
797 2034 947 2114 ἐγνώριζον,

119 2150 145 2189 so
158 2124 197 2184 ὅτι
211 2149 256 2203 μοι
270 2125 344 2206 παρὰ
353 2125 400 2196 τὴν
413 2124 518 2201 ὁμιλίαν
530 2124 579 2195 τὴν
590 2123 653 2204 πρὸς
667 2123 711 2183 τδν
724 2124 805 2202 ἀνδρα
817 2121 948 2203 προσόλέ-

159 2217 207 2294 ψαι
219 2214 266 2284 τὴν
284 2211 456 2293 Ἀνδρομέδαν
476 2217 493 2282 ἡ
514 2211 604 2293 γραφὴ
624 2216 801 2291 παρασχοῦσα
815 2211 861 2269 καί
881 2234 947 2269 παν-

158 2301 269 2380 ταχόθεν
284 2300 434 2370 ἐπιδείξασα
447 2302 568 2378 γυμνὴν,
585 2310 594 2372 (
607 2300 665 2379 ἀρτι
674 2299 725 2380 γάρ
737 2294 818 2370 αὐτ-δν
832 2299 884 2357 ἀπδ
895 2302 947 2358 τῶν

159 2394 261 2469 πετρῶν
275 2393 289 2447 θ
306 2388 420 2469 Περσεύς
435 2390 568 2467 κατῆγεν)
585 2388 699 2465 ὁμοειδὲς
710 2388 794 2467 ἐκείνῃ
806 2387 836 2446 τδ
849 2386 947 2466 σπαρέν

159 2480 205 2536 οὐκ
215 2480 331 2556 εὐτυχῶς
340 2477 501 2557 ἐμόρρωσεν.
531 2473 637 2554 Ἔγνων
647 2467 690 2534 οὐν
700 2476 815 2553 ἐμαυτήν
825 2476 849 2534 τ’
862 2477 948 2533 ἀπαλ-

119 2590 145 2628 aa
158 2564 236 2633 λάξαι
259 2571 305 2623 τοῦ
328 2564 386 2641 μετ’
401 2563 526 2644 αἰσχύνης
544 2564 674 2636 θανάτου,
698 2563 878 2641 (πεπεισμένη
900 2564 947 2634 τὴν

159 2651 208 2722 σὴν
227 2653 319 2732 χροιάν
340 2653 461 2731 μοιχείαν
480 2652 540 2729 ἐμοί
557 2652 764 2733 προσάψουσαν,
781 2653 810 2709 οὐ
829 2650 879 2730 γθιρ
901 2675 947 2708 πι-

159 2739 276 2799 στεύσειν
290 2739 383 2798 οὐδένα
396 2738 510 2818 λεγούσῃ
526 2737 575 2810 τὴν
589 2740 789 2818 περιπέτειαν),
805 2738 850 2796 καί
864 2761 904 2796 σοι
918 2739 948 2797 τδ

160 2834 190 2890 ἐκ
203 2833 249 2901 τῆς
261 2828 343 2910 τύχης
358 2828 504 2908 ἀμφίόολον
520 2827 682 2907 χαρίσασθαι
692 2827 830 2905 ,θανάτου
846 2828 948 2908 προδή-

159 2920 221 2993 λου,
234 2915 252 2989 ἢ
264 2919 370 2984 πάντως
382 2916 508 2994 ὀνόματος
517 2917 593 2975 νόθου
607 2916 795 2996 προτιμότερον
805 2915 947 2994 ἡγουμένη·

120 3035 147 3073 30
160 3005 190 3063 σέ
204 3029 232 3064 τε
246 3005 367 3064 τεθνάναι
379 3008 549 3085 παραχρῆμα
560 3004 624 3084 πρὸς
630 3005 674 3062 τδν
688 3004 769 3083 ἀνδρα
779 3002 947 3080 πλασαμένη,

160 3094 244 3174 λάθρα
255 3095 301 3152 καί
314 3093 467 3172 ἀπορρήτως
479 3091 618 3168 ἐξεθέμην,
634 3092 694 3152 όσον
708 3094 831 3152 πλεῖστον
845 3093 948 3164 ἠδυνά-

161 3207 213 3258 μην
224 3185 335 3240 πλοῗιτον
353 3185 391 3262 τῷ
405 3181 575 3260 περισώζοντι
591 3181 683 3255 μισθὸν
698 3179 882 3258 συνεκθεμένη,
897 3179 948 3238 ἀλ-

161 3272 214 3336 λοις
237 3269 266 3327 τέ
280 3294 309 3328 σε
331 3269 490 3346 κοσμήσασα
511 3270 557 3328 καί
580 3270 667 3350 ταινία
690 3272 752 3346 τῇδε
775 3270 819 3327 καὶ
844 3272 948 3350 ἐλεεινῷ

161 3357 308 3436 διηγήματι
327 3361 365 3439 τῷ
383 3361 422 3439 σῷ
443 3382 471 3416 τε
494 3360 634 3433 κάμαυτῆς
656 3357 827 3429 ἐνειλήσασα,
843 3357 875 3428 ἣν
895 3358 947 3415 ἀπὸ

122 3479 147 3519 35,
161 3447 280 3527 δακρύων
297 3449 348 3504 τῶν
364 3447 407 3504 ε’πί
431 3469 472 3504 σοι
495 3447 540 3504 καί
563 3444 675 3522 αἵματος
695 3446 855 3525 ἐχάραττον,
881 3449 947 3520 ὁμοῦ

160 3537 323 3615 πρωτότοκος
335 3535 381 3592 καί
400 3534 558 3612 πολύθρηνος
576 3534 712 3611 γενομένη.
755 3533 834 3604 Ἀλλ’,
849 3523 871 3591 ῶ
885 3537 947 3609 γλυ-

160 3627 219 3683 κεῖα
233 3625 279 3683 καί
295 3622 389 3702 μέχρις
409 3621 478 3701 ὥρας
499 3617 623 3700 θύγατερ,
639 3620 719 3691 ὅπως,
740 3624 762 3678 εί
783 3619 946 3700 περιγένοιο,

161 3712 283 3791 μεμνήσῃ
294 3716 340 3782 τῆς
352 3710 497 3789 εὐγενείας,
506 3713 612 3788 τιμῶσα
623 3709 793 3792 σωφροσύνην
804 3711 822 3783 ἣ
837 3709 869 3782 δὴ
880 3712 946 3787 μόνη

159 3800 309 3878 γυναικείαν
318 3799 412 3875 ἀρετὴν
422 3800 611 3881 χαρακτηρίζει
624 3801 669 3859 καὶ
680 3800 801 3880 φρόνημα
815 3800 947 3879 βασίλειον

120 3921 146 3960 lo
160 3890 205 3947 καί
220 3890 284 3970 πρὸς
304 3888 363 3953 τούς
380 3888 476 3970 ρύντας
490 3889 619 3968 ἀναρέρον
640 3890 770 3948 ἀσκοῦσα.
814 3888 946 3969 Μεμνήση

160 3977 187 4036 δὲ
198 3978 249 4057 πρὸ
263 3976 369 4035 πάντων
380 3980 432 4035 τῶν
447 3976 648 4036 συνεκτεθέντων
663 4000 703 4036 σοι
718 3978 875 4052 κειμηλίων,
889 3980 947 4036 δακ·

160 4066 247 4123 τύλιόν
267 4089 324 4123 τινα
337 4065 466 4137 ἐπιζητεῖν
481 4064 526 4123 καὶ
539 4071 623 4146 σαυτῇ
638 4069 796 4144 περιποιεῖν,
811 4065 839 4124 δν
858 4067 947 4145 παι-ηρ

160 4157 173 4211 θ
189 4154 232 4219 σδς
248 4155 307 4231 ἐμοὶ
327 4153 400 4233 παρά
413 4153 460 4225 τὴν
475 4154 619 4231 μνηστείαν
634 4155 802 4234 ἐδωρήσατο,
821 4156 947 4234 βασιλείῳ

160 4240 208 4317 μέν
219 4242 344 4321 συμόόλῳ
355 4242 398 4300 τὸν
408 4241 502 4300 κύκλον
513 4242 690 4320 ἀνάγραπτον,
697 4242 760 4322 λίθῳ
768 4242 794 4300 δὲ
806 4244 946 4325 παντάρύῃ

75 4333 84 4348 ’
118 4359 146 4398 lo
160 4331 205 4389 καὶ
225 4331 367 4410 ἀπορρήτῳ
388 4329 496 4406 δυνάμει
517 4328 564 4400 τὴν
586 4330 727 4410 σρενδόνην
743 4331 944 4410 καθιερωμένον.

151 4418 245 4478 Ταῦτά
260 4443 301 4478 σοι
315 4420 479 4496 διείλεγμαι,
496 4417 526 4475 τὸ
541 4416 652 4496 γράμμα
665 4417 782 4476 διάκονον
801 4419 944 4499 εὐραμένη,

159 4508 206 4575 τὰς
229 4510 362 4588 ἐμψύχους
380 4507 424 4566 καί
442 4511 468 4566 ἐν
488 4509 632 4588 ὐρθαλμοῖς
644 4507 748 4584 ὁμιλίας
769 4513 814 4567 τοῦ
828 4509 947 4585 δαίμονος

160 4598 341 4675 στερήσαντος·
357 4597 428 4676 τάχα
451 4594 497 4672 μὲν
519 4595 596 4675 κωρδι
617 4596 662 4653 καί
680 4596 809 4668 ἀνήνυτα,
832 4597 902 4676 τάχα
920 4599 947 4656 δέ

160 4707 223 4740 ποτε
238 4685 283 4742 καί
298 4688 332 4751 ιῖς
352 4684 442 4766 όρελος
461 4684 564 4756 ἥξοντα·
586 4683 615 4740 τδ
628 4683 679 4764 γάρ
694 4685 790 4757 ἀδηλον
806 4688 853 4756 τῆς
866 4684 947 4765 τύχης

121 4800 147 4837 ω
161 4772 304 4848 ἀνθρώποις
331 4774 473 4846 ἄγνωστον·
494 4773 539 4831 καί
560 4770 634 4829 ἔσται
657 4795 697 4831 σοι
714 4772 747 4830 τδι
763 4777 809 4845 τῆς
828 4780 946 4855 γραφῆς,

164 4845 204 4931 (ff)
219 4860 305 4932 μάτην
320 4860 405 4938 ὡραία
419 4861 464 4918 καί
480 4860 602 4938 ἔγκλημα
620 4859 650 4917 τδ
664 4861 760 4927 κάλλος
776 4860 833 4936 ἐμοὶ
846 4864 946 4942 προσά-

161 4948 260 5022 Ιίιασα),
273 4950 295 5003 εἰ
317 4948 364 5022 μὲν
379 4949 563 5026 περισωθείης,
585 4948 769 5028 γνωρίσματα·
793 4953 815 5008 εί
834 4951 867 5022 δ’,
883 4950 946 5030 ὅπερ

162 5032 206 5090 καὶ
217 5033 297 5102 ἀκοὴν
311 5035 386 5092 λάθοι
399 5035 446 5105 τὴν
463 5035 545 5111 ἐμὴν,
558 5035 700 5114 ἐπιτύμόια
714 5036 759 5095 καὶ
771 5037 870 5117 μητρὸς
889 5041 945 5098 ἐπι-

161 5118 252 5189 κήδεια
269 5119 379 5200 δάκρυα.

993 747 1204 797 miciliasucoessu
1220 749 1337 811 temporis
1353 750 1537 811 exstruxerunt,
1555 750 1699 814 pioturlsua
1712 767 1776 804 snm·

998 845 1028 895 tis
1046 844 1190 921 abolitorum
1208 846 1280 896 rebus
1294 847 1382 909 gestis,
1395 849 1552 898 exemerunt.
1584 850 1669 913 Atque
1681 851 1776 901 ιΙίοτυιι

993 939 1091 1002 quidam
1106 940 1222 1003 imagines
1239 944 1263 989 el
1284 953 1322 990 ros
1335 943 1413 1002 gestas
1424 942 1449 992 in
1469 942 1619 993 habitaculis
1630 944 1740 996 virorum
1755 948 1774 997 at

994 1037 1125 1100 porticibus
1137 1038 1314 1101 depinxerunt;
1328 1038 1446 1089 thalamos
1459 1043 1541 1091 autem
1552 1041 1715 1094 Andromeda
1728 1047 1774 1094 Pon

993 1134 1075 1197 seiqua
1084 1133 1206 1184 amoribus
1219 1134 1354 1186 variarunt.
1373 1134 1409 1185 lbi
1421 1135 1551 1201 aliquando
1560 1149 1620 1200 uos,
1631 1136 1773 1204 dadmojm

993 1231 1073 1292 elapso
1090 1242 1153 1280 anno
1162 1267 1170 1293 ,
1190 1234 1317 1294 postquam
1334 1245 1375 1282 ma
1392 1231 1515 1295 Hydaspes
1531 1245 1636 1283 uxorem
1651 1234 1770 1296 saraam,

993 1323 1096 1372 necdum
1110 1326 1189 1373 emeat
1201 1324 1269 1374 nobis
1282 1324 1351 1374 liberi
1361 1362 1368 1388 ,
1379 1325 1425 1374 sula
1439 1325 1564 1375 meridiem
1577 1325 1706 1388 quiescere
1721 1341 1771 1377 om·

994 1418 1060 1480 tigit,
1082 1432 1167 1468 somno
1182 1419 1268 1468 aestivo
1283 1420 1450 1483 compellente.
1484 1424 1547 1471 Tum
1566 1434 1667 1486 quoque
1686 1435 1770 1474 mm

994 1525 1045 1561 rem
1056 1511 1139 1561 habuit
1151 1515 1219 1575 pater
1227 1515 1293 1574 tuus,
1304 1515 1426 1564 somnium
1439 1514 1472 1564 illi
1487 1515 1533 1564 hoa
1541 1515 1676 1580 praecipere
1682 1516 1772 1579 iurant

997 1609 1022 1655 et
1040 1607 1103 1656 sensi
1119 1620 1158 1656 me
1172 1608 1287 1656 continuo
1297 1608 1421 1670 gravidam
1435 1623 1498 1659 esso.
1531 1613 1641 1673 Tempus
1654 1611 1728 1674 ῖςίἐιιτ
1740 1624 1776 1662 τι·

993 1714 1041 1762 que
1052 1701 1082 1748 ad
1099 1703 1195 1762 parium
1204 1701 1257 1751 iesti
1270 1702 1361 1764 publici
1375 1704 1451 1753 instar
1459 1706 1512 1754 erat
1522 1708 1548 1755 et
1561 1706 1682 1757 semideis
1692 1698 1781 1771 arius

995 1812 1048 1847 rum
1060 1797 1162 1848 aetionis
1171 1811 1227 1861 ergo
1237 1798 1283 1848 diis
1296 1799 1401 1860 fiebant,
1413 1804 1529 1865 tanquam
1539 1816 1594 1866 rega
1606 1809 1722 1867 εμεεαοίε
1731 1817 1795 1856 ευσ-

993 1905 1111 1942 cessorem
1120 1892 1220 1955 generis.
1255 1895 1385 1956 Postquam
1397 1898 1479 1945 autem
1487 1899 1513 1946 te
1522 1896 1603 1947 albam
1613 1899 1714 1962 peperi,
1727 1899 1782 1951 lau
1789 1921 1802 1931 -

993 1989 1092 2038 silatum
1116 1987 1269 2052 AEllaiopibus
1291 1989 1399 2065 eolorem
1426 1992 1583 2053 referentem,
1612 2007 1657 2056 eqo
1682 1993 1808 2057 quidem

994 2095 1091 2132 cansam
1105 2082 1292 2145 amardelam,
1308 2084 1444 2145 quodcum
1457 2085 1599 2149 adspectui,
1616 2086 1641 2136 ia
1654 2090 1818 2139 namu·

994 2179 1050 2228 dina
1059 2192 1115 2228 eum
1128 2179 1189 2237 niro.
1200 2180 1294 2243 pictura
1303 2181 1482 2231 Andromedam
1493 2183 1621 2234 obtulisset
1632 2185 1818 2251 etuudiqam

994 2287 1042 2335 que
1054 2275 1197 2325 ostendisset
1209 2276 1314 2338 nudam,
1332 2278 1403 2338 (tum
1418 2278 1524 2340 primum
1536 2280 1602 2328 euim
1613 2293 1669 2330 eam
1684 2285 1818 2333 Persen

994 2380 1022 2414 ex
1039 2367 1139 2429 rupibus
1152 2367 1300 2430 deducebat)
1324 2368 1410 2419 similis
1427 2370 1461 2419 ilii
1481 2371 1553 2422 lmlus
1567 2373 1699 2425 iulelioiter
1710 2375 1818 2427 aileu

994 2463 1074 2510 malus
1085 2466 1129 2513 est.
1163 2464 1239 2525 igilur
1250 2464 1324 2514 statui
1335 2468 1360 2514 el
1374 2466 1500 2528 meipsam
1511 2467 1615 2519 liberare
1623 2470 1818 2532 ignominiosa

994 2560 1089 2617 morte,
1104 2571 1148 2620 pro
1166 2562 1233 2609 cerlo
1244 2560 1351 2621 habeus,
1362 2563 1432 2611 tuum
1441 2563 1547 2613 colorem
1559 2562 1675 2616 adulterii
1691 2565 1818 2617 almer

994 2655 1053 2703 milri
1067 2655 1267 2715 conciliaturum,
1287 2669 1331 2705 nec
1345 2669 1494 2720 quemquam
1512 2658 1666 2711 crediturum
1679 2674 1726 2713 aaa
1735 2673 1818 2712 ea·

994 2763 1047 2799 sum
1062 2753 1206 2815 exponenti5
1222 2754 1247 2802 et
1264 2754 1289 2801 le
1306 2752 1408 2803 lortunm
1425 2755 1469 2805 etsi
1484 2754 1565 2806 dubim
1580 2758 1697 2823 madere,
1708 2757 1817 2811 murti

995 2844 1129 2896 mansam
1142 2849 1186 2897 aut
1202 2848 1300 2897 omnino
1320 2847 1403 2912 spurio
1420 2852 1510 2901 nomini
1532 2853 1712 2914 praeferendam
1730 2865 1812 2907 nn

993 2942 1056 2991 hano
1066 2956 1167 2994 oeuseus
1181 2965 1187 2994 ι
1202 2946 1275 3008 toque
1292 2949 1413 2998 mortuam
1428 2962 1481 2998 esse
1495 2949 1613 3000 continuo
1623 2951 1690 3014 apud
1702 2953 1806 3002 nrum

994 3039 1100 3101 tingens,
1119 3040 1259 3090 clanculum
1279 3044 1304 3092 et
1320 3022 1417 3094 occulte
1438 3047 1551 3107 exposui;
1569 3059 1643 3108 quam
1664 3049 1802 3098 maxim*

993 3147 1051 3196 opes
1062 3136 1147 3198 potui,
1160 3136 1288 3199 premium
1298 3138 1321 3187 ei
1333 3138 1376 3201 qui
1385 3140 1411 3188 te
1417 3140 1555 3190 sustulisset
1563 3153 1613 3190 uua
1621 3153 1750 3205 exponens
1770 3137 1799 3185 8

994 3239 1050 3276 oum
1070 3228 1122 3277 aliis
1139 3229 1211 3279 rebm
1226 3232 1251 3279 te
1266 3243 1373 3293 ornans,
1388 3236 1441 3281 lum
1461 3232 1508 3281 lrao
1521 3233 1595 3283 taseia
1609 3237 1635 3285 et
1651 3225 1797 3287 murum

994 3323 1130 3373 narratione
1145 3327 1195 3375 tuae
1207 3339 1317 3389 memque
1326 3327 1469 3378 conditionis
1478 3328 1612 3392 involvens,
1623 3345 1700 3395 quam
1711 3325 1794 3384 iles*

994 3419 1039 3471 mis
1059 3424 1156 3484 propter
1176 3423 1200 3473 ta
1221 3422 1325 3486 prolusla
1336 3426 1361 3476 et
1379 3422 1496 3487 sanguine
1517 3427 1617 3488 notari,
1634 3441 1694 3481 sum
1709 3415 1795 3482 υἰιιΰί

994 3518 1071 3580 primo
1088 3517 1160 3567 enixa
1178 3531 1254 3569 οωοιιι
1267 3522 1300 3570 et.
1310 3520 1335 3569 in
1349 3521 1508 3584 multiplicem
1529 3522 1623 3574 luctum
1635 3525 1796 3578 meldim·

994 3614 1107 3662 Ceterum
1115 3649 1123 3672 ,
1132 3625 1148 3660 o
1157 3613 1268 3662 suavium
1280 3616 1305 3662 et
1316 3614 1346 3662 ad
1359 3615 1473 3677 exiguum
1484 3620 1580 3680 tempus
1593 3618 1657 3680 lilia,
1667 3621 1687 3670 si
1697 3621 1799 3685 supe*

993 3704 1129 3766 sleslueria,
1142 3707 1281 3757 memineris
1291 3708 1400 3770 praeclari
1408 3709 1442 3759 tui
1452 3711 1530 3772 ortus,
1539 3712 1622 3762 oolens
1629 3713 1802 3776 pudicitiam

992 3814 1049 3863 qum
1058 3800 1108 3851 sola
1122 3801 1351 3851 muliebrisvirlutis
1365 3802 1480 3854 indicium
1490 3807 1527 3855 est
1536 3808 1560 3856 et
1570 3806 1682 3860 animum
1688 3803 1806 3874 ragiufl

993 3897 1104 3957 parentes
1112 3895 1209 3945 imitans
1221 3895 1319 3945 habeas.
1353 3897 1580 3950 lleminerisautem
1590 3904 1756 3967 anteomaia,
1770 3886 1809 3939 ¹²

993 3991 1056 4038 inter
1066 3990 1165 4052 pignora
1183 3991 1266 4039 tecum
1279 3992 1522 4054 exposita,annulum
1530 3989 1812 4057 quemdamooaarfl

993 4087 1017 4134 et
1024 4084 1066 4133 tibi
1075 4083 1271 4147 vindices,quem
1283 4088 1351 4148 pater
1359 4090 1418 4137 tuus
1426 4088 1558 4150 milri‚oum
1569 4090 1603 4139 ilii
1613 4085 1816 4156 dapem-av

992 4178 1104 4240 donarit,
1123 4179 1188 4240 regio
1202 4179 1300 4241 quidem
1322 4181 1389 4242 signo
1403 4181 1528 4232 incircuio
1547 4184 1685 4249 sculptum,
1700 4164 1817 4250 lapid

992 4276 1074 4323 aulem
1094 4273 1213 4323 Panlarbe
1226 4280 1249 4323 et
1263 4274 1358 4323 occulta
1374 4275 1397 4324 ri
1413 4275 1529 4337 praedito,
1541 4277 1566 4325 iu
1582 4278 1638 4339 pala
1652 4270 1818 4331 τουτουί*

992 4373 1054 4418 turn.
1069 4371 1127 4419 llaec
1140 4370 1222 4419 lecum
1233 4382 1288 4418 aum
1304 4370 1402 4430 locuta,
1414 4370 1488 4420 literis
1499 4370 1587 4434 quibus
1600 4373 1648 4423 Ιιοο
1659 4362 1818 4425 effioerss'

993 4477 1051 4524 usa,
1063 4477 1120 4513 oum
1132 4477 1172 4513 me
1180 4477 1270 4513 numen
1278 4464 1334 4512 rivo
1345 4464 1467 4527 colloquio
1478 4467 1503 4515 et
1516 4465 1633 4529 adspectu
1644 4470 1690 4518 tuo
1701 4458 1818 4533 pris*

992 4559 1071 4608 uerit:
1087 4572 1142 4621 quar
1152 4561 1180 4607 ut
1192 4560 1293 4608 tortasse
1304 4562 1372 4608 muta
1389 4563 1414 4610 et
1426 4560 1507 4623 irrita,
1521 4562 1622 4613 tortasse
1633 4566 1715 4614 tamea
1723 4548 1816 4614 υἷ’]

992 4654 1121 4716 aliquando
1135 4658 1215 4704 erunt.
1248 4655 1311 4713 Quid
1334 4655 1399 4704 enim
1420 4656 1519 4706 lortuna
1541 4658 1618 4720 ierat,
1641 4645 1818 4709 nominib*

992 4752 1100 4812 ignotum
1111 4754 1156 4800 est.
1191 4750 1299 4813 Denique
1313 4751 1375 4811 lamo,
1387 4765 1442 4813 quae
1451 4754 1508 4802 sunt
1520 4766 1535 4801 a
1549 4765 1589 4803 mo
1601 4755 1701 4818 scripte,
1713 4743 1818 4807 σθ’

991 4847 1124 4909 quidquam
1144 4847 1264 4907 formosa,
1280 4860 1336 4908 qua
1349 4848 1419 4920 nobis
1430 4850 1522 4899 erimeu
1537 4849 1616 4900 torma
1627 4827 1814 4903 consulut-³⁴

990 4943 1109 5005 siquidem
1134 4945 1229 4992 servata
1250 4944 1330 5003 tueris,
1356 4944 1444 4994 indicia
1461 4944 1504 4994 tibi
1525 4948 1597 4996 munt
1615 4961 1622 4996 τ
1642 4947 1693 5009 sin,
1710 4936 1818 5012 qud

991 5041 1084 5089 utinam
1102 5052 1196 5103 semper
1215 5053 1286 5091 auras
1297 5053 1363 5090 meas
1380 5041 1471 5103 lateat,
1483 5041 1629 5104 sepulcrales
1648 5042 1733 5094 maras
1748 5028 1818 5083 4

991 5135 1102 5186 lrrnebres
1117 5135 1230 5188 lacrimae.
