3726 5692
752 317 931 377 EROTICA.

55 464 169 503 summa
185 463 256 500 voce
269 445 309 500 ait
324 465 330 498 :
349 443 428 517 ch,
446 441 593 519 Apolloni.
605 441 779 519 Apollonius
789 463 841 519 pu-

55 554 119 599 tans
130 560 160 598 se
171 539 315 616 abaliquo
326 559 445 598 suorum
455 540 641 617 appellatum,
652 539 825 617 contempsit
830 562 839 609 3

55 649 83 694 et
104 635 228 694 horrido
243 637 327 694 vultu
341 655 406 694 enm
425 636 602 713 respiciens,
618 635 693 694 vidit
708 637 840 712 ignotum

54 733 112 791 sibi
125 732 273 790 hominem
289 731 411 789 honesto
422 733 501 790 cultu
515 732 694 805 decoratum,
711 745 739 790 et
757 733 842 791 suro-

29 849 118 891 trem
139 830 255 887 silentio
269 830 350 889 texit.
363 828 419 888 Cui
439 831 633 907 Antinagoras
647 831 687 889 ait
703 853 710 889 ε
728 830 795 890 Scio
815 844 842 890 te

58 930 160 987 mirari
172 929 251 1006 quod
263 931 379 1004 ignotus
388 941 438 986 tuo
447 943 474 986 te
484 932 603 989 nomine
610 930 746 989 salutavi.
755 930 843 989 Disce

56 1047 127 1102 ergo
138 1024 234 1104 quod*
243 1026 382 1108 princeps
394 1046 457 1084 sum
470 1027 556 1101 hujus
571 1027 709 1096 civitatis,
720 1027 841 1084 tintina-

46 1142 143 1200 goras
160 1123 295 1194 nomine;
312 1122 448 1181 descendi
462 1123 493 1181 in
506 1124 605 1196 littus,
620 1124 655 1182 ad
674 1143 763 1182 naves
777 1145 842 1183 con·

56 1219 242 1291 siderandas3
265 1232 294 1278 et
312 1220 388 1278 inter
411 1234 527 1279 caeteras
542 1241 632 1280 naves
649 1222 711 1280 vidi
737 1242 842 1283 navem

15 1333 43 1374 ro
57 1329 135 1375 tuam
161 1318 296 1375 decenter
323 1331 468 1386 ornatam,
499 1332 526 1376 et
552 1318 670 1376 laudavi
696 1331 842 1398 aspectum

57 1413 134 1493 ejus.
156 1415 293 1473 Anautis
309 1434 380 1473 vero
396 1417 455 1474 tuis
470 1429 607 1491 rogatus,
622 1415 726 1474 libenti
744 1417 843 1476 animo

57 1511 212 1589 discubui,
223 1526 251 1571 et
262 1513 405 1589 inquisivi
416 1513 566 1572 dominum
582 1516 676 1573 navis.
687 1513 744 1583 Qui
762 1515 844 1574 dixe·

58 1621 128 1667 runt
148 1622 176 1667 te
190 1611 221 1667 in
237 1609 318 1667 luctu
342 1611 468 1679 morari,
484 1610 562 1687 quod
582 1623 611 1667 et
632 1610 733 1682 video;
752 1610 845 1689 prosit

59 1725 130 1782 ergo
149 1707 228 1784 quod
244 1708 313 1765 veni
329 1728 335 1763 :
353 1707 478 1785 procede
497 1707 533 1764 de
546 1706 674 1766 tenebris
688 1709 724 1767 ad
738 1707 843 1768 lucem.

17 1812 44 1854 tt
60 1803 216 1863 Discumbe
225 1817 253 1863 et
260 1805 379 1884 epulare
389 1806 538 1883 paululum
549 1829 557 1878 ;
569 1825 654 1884 spero
664 1807 742 1864 enirn
751 1808 821 1884 quia
829 1807 844 1837 *

59 1902 139 1961 Deus
157 1901 239 1960 dabit
258 1902 312 1960 tibi
332 1916 398 1981 post
419 1904 564 1978 ingentem
583 1904 693 1962 luctum
715 1905 845 1962 laetitiam

59 2000 243 2076 ampliorem.
256 2000 433 2077 Apollonius
446 2001 525 2058 luctu
537 2002 672 2077 fatigatus
682 2002 791 2059 levavit
800 2021 846 2059 ca·

61 2109 114 2175 put
127 2117 210 2155 suum
228 2111 256 2155 et
272 2098 347 2155 dixit
363 2120 369 2154 ι
385 2098 458 2166 Quis
470 2118 515 2175 es,
528 2098 665 2157 domine?
677 2098 773 2175 Vade,
788 2099 847 2158 dis·

61 2194 167 2255 cumbe
187 2208 215 2254 et
237 2197 356 2274 epulare
370 2217 436 2254 cunr
451 2196 497 2255 his
511 2198 635 2275 perinde
649 2218 760 2256 acrum
776 2198 844 2258 tuis.

17 2308 48 2348 so
62 2291 122 2369 Ego
133 2306 244 2366 autem,
260 2296 388 2369 graviter
400 2294 524 2352 afflictus
534 2295 750 2354 calamitatibus
762 2295 845 2369 meis,

61 2410 123 2449 non
137 2391 232 2450 solnm
255 2412 314 2449 non
340 2391 465 2469 epulari,
487 2392 538 2449 sed
552 2411 589 2450 ne
611 2392 730 2470 quidem
747 2392 848 2452 vivere

63 2490 145 2547 volo.
162 2489 358 2567 Antinagoras
371 2489 518 2562 contusus,
529 2490 688 2549 ascendens
697 2493 729 2551 iu
744 2511 847 2550 navem

62 2598 92 2644 et
105 2585 306 2657 discumbens,
323 2586 364 2643 ait
383 2607 390 2642 ι
408 2584 474 2643 Νοιι
488 2590 571 2663 potui
592 2587 715 2645 suadere
727 2586 848 2645 domino

62 2696 161 2741 vestro
177 2696 208 2740 ut
221 2683 298 2740 ultro
314 2683 349 2740 ad
364 2683 458 2740 lucem
477 2684 580 2742 exiret.
596 2683 674 2753 Quid
697 2685 798 2742 laciam
818 2676 858 2742 ut¹

19 2798 48 2838 ss
63 2798 197 2839 revocem
210 2800 275 2839 eum
295 2781 477 2857 aproposito
498 2781 620 2865 mortis?
636 2779 670 2838 Et
688 2782 729 2839 ait
749 2803 755 2837 :
772 2781 850 2839 llene

61 2878 137 2938 mibi
147 2881 228 2938 venit
240 2880 272 2937 in
287 2892 410 2937 mentem
420 2901 429 2951 3
441 2878 527 2950 vade,
540 2899 624 2957 puer,
639 2878 675 2936 ad
686 2878 849 2938 lenonium

63 2978 211 3049 lenonem,
223 2991 251 3035 et
260 2977 308 3035 dic
323 2977 368 3035 illi
384 2990 416 3035 ut
427 2977 521 3035 mittat
535 2977 631 3035 adme
645 2976 671 3034 T
672 2977 788 3038 arsiam.
800 2977 851 3036 Est

62 3076 143 3134 euim
159 3073 364 3145 scholastica*,
380 3087 409 3132 et
419 3075 585 3134 suavissimi
596 3074 750 3151 sermonis,
764 3088 792 3133 et
803 3077 851 3133 ni-

62 3173 126 3232 mio
140 3172 246 3231 decore
257 3173 425 3251 conspicua.
437 3173 537 3232 Potest
548 3173 639 3250 igitur
651 3173 800 3232 exhortari
816 3193 851 3231 ne

22 3282 50 3325 ⁸⁰
64 3271 133 3331 talis
145 3271 195 3329 vir
210 3272 361 3330 moriatur.

1607 330 1664 381 623

890 455 974 499 tatem
990 463 1098 514 meam,
1116 445 1193 501 inter
1215 444 1365 518 naufragia
1377 445 1534 515 castitatis,
1548 445 1672 504 inviola-

888 538 988 597 biliter
1006 561 1103 600 servo.
1124 541 1158 598 Et
1173 542 1218 598 lris
1241 540 1423 600 carminibus
1445 544 1548 620 coepit,
1570 545 1671 602 modu-

887 639 945 696 lata
959 658 1048 710 voce,
1069 652 1184 696 cantare
1198 661 1204 695 :

920 805 932 829 a
946 789 990 836 l’er
1003 787 1085 837 sordes
1098 788 1202 849 gradior,
1213 788 1255 837 sed
1267 788 1376 838 sordium
1387 790 1400 815 ¹
1414 789 1509 839 conscia
1523 803 1570 839 non
1581 804 1654 849 sum3

918 866 957 916 Sic
971 879 1024 914 rosa
1040 866 1168 928 despicis,
1182 866 1259 916 nescit
1273 867 1384 917 violarier
1394 867 1457 916 ullis.
1685 879 1698 916 s

918 943 1022 1004 Corripit
1033 945 1057 992 et
1067 947 1147 1006 raptor
1156 943 1229 1004 gladii
1238 943 1344 993 ferientis
1355 944 1386 992 ab
1396 944 1459 1006 ictu;

918 1021 1018 1073 Tradita
1028 1023 1107 1072 lenoni
1117 1058 1124 1082 ,
1136 1037 1183 1073 non
1196 1037 1250 1072 snm
1264 1023 1352 1072 violata
1363 1024 1462 1086 pudore.

919 1101 1024 1151 vulnera
1039 1106 1172 1152 cessassent
1183 1103 1271 1163 animi,
1282 1102 1443 1164 lacrymaeque
1454 1103 1579 1162 deessent,

919 1181 989 1232 Nulla
1004 1184 1093 1231 etenim
1108 1183 1201 1243 melior,
1213 1183 1234 1232 si
1247 1195 1345 1232 nossem
1361 1188 1425 1232 certa
1438 1189 1560 1246 parentas.

921 1259 997 1310 Unica
1009 1260 1094 1320 usalis
1104 1261 1197 1321 generis
1206 1275 1261 1310 sum
1274 1261 1347 1324 stirpe
1360 1264 1455 1322 creata;
1689 1277 1714 1313 ro

920 1342 989 1401 Ipsa,
1000 1340 1099 1402 jubente
1110 1341 1174 1399 Deo,
1185 1340 1261 1390 laetari
1276 1342 1348 1391 credo
1363 1341 1500 1404 aliquando.

921 1419 978 1480 riga
992 1419 1064 1469 rnodn
1078 1421 1209 1481 lacrymas,
1224 1433 1306 1469 curam
1318 1421 1424 1472 dissolve
1440 1423 1581 1479 molestam,

920 1498 1002 1549 Redde
1020 1499 1074 1560 polo
1086 1500 1183 1557 taciem,
1198 1505 1353 1561 mentemque
1367 1500 1399 1550 ad
1411 1500 1491 1551 sidera
1503 1502 1561 1552 tolle
1573 1516 1580 1548 ι

921 1579 982 1627 llam
997 1581 1061 1627 Deus
1072 1581 1110 1627 est
1119 1577 1244 1627 bominum
1258 1577 1398 1640 plasmator,
1408 1582 1487 1629 rector
1497 1584 1522 1630 et
1533 1585 1618 1630 auctor
1630 1600 1640 1630 ι

920 1659 973 1707 lton
987 1657 1049 1707 sinet
1060 1656 1105 1707 lus
1117 1656 1233 1719 lacrymas
1244 1671 1313 1707 casso
1328 1658 1397 1708 linire
1409 1658 1497 1708 labore.
1511 1680 1524 1702 n
1690 1673 1715 1713 ts

891 1786 958 1846 Haec
972 1786 1062 1845 verba
1078 1787 1200 1848 audiens
1216 1788 1392 1866 Apollonius
1404 1788 1512 1847 levavit
1527 1804 1630 1868 caput;
1647 1805 1676 1850 et

891 1882 995 1941 videns
1010 1883 1137 1961 puellam
1151 1885 1308 1959 ingemuit,
1320 1897 1349 1941 et
1363 1885 1404 1942 ait
1420 1906 1427 1941 :
1447 1885 1510 1943 Heu
1526 1906 1571 1944 me
1587 1888 1677 1946 mise·

892 1984 971 2038 rum!
989 1979 1136 2049 Quamdiu
1155 1994 1256 2038 contra
1278 1980 1414 2058 pietatem
1436 1980 1589 2041 luctabor?
1612 1984 1677 2042 Eri·

892 2098 962 2153 gens
974 2099 1044 2154 ergo
1059 2098 1089 2136 se
1108 2080 1149 2137 ait
1169 2079 1204 2136 ad
1223 2097 1307 2136 eam:
1326 2080 1388 2153 Ago
1401 2079 1563 2156 prudentiae
1577 2094 1633 2139 tuae
1649 2094 1678 2138 et

893 2176 1040 2235 nobilitati
1056 2179 1196 2234 maximas
1218 2177 1343 2251 gratias,
1364 2190 1393 2234 et
1413 2176 1607 2236 consolationi
1622 2192 1678 2237 tuae
1692 2197 1719 2235 so

893 2276 984 2330 vicem
1006 2272 1147 2351 rependo.
1171 2271 1283 2330 lllemor
1304 2292 1356 2330 ero
1376 2272 1435 2343 tui,
1452 2274 1478 2331 si
1490 2273 1563 2331 mihi
1588 2274 1678 2333 laetari

894 2368 1026 2439 licuerit;
1043 2367 1124 2442 regni
1136 2367 1192 2424 mei
1207 2379 1235 2425 te
1246 2366 1363 2425 viribus
1378 2366 1534 2440 relevab03
1551 2381 1579 2426 et
1594 2369 1679 2428 sorsi-

894 2479 941 2523 tan
952 2509 960 2536 ,
973 2478 1005 2523 ut
1019 2464 1105 2532 dicis,
1124 2465 1212 2539 regiis
1227 2477 1320 2522 ortam
1342 2464 1490 2523 natalibus
1505 2478 1532 2523 te
1547 2467 1678 2543 parenti·

893 2559 950 2621 bus
971 2561 1203 2641 repraesentabis.
1227 2560 1311 2620 Nunc
1335 2563 1435 2640 accipe
1453 2561 1500 2624 CC
1515 2582 1636 2635 aureos;
1653 2578 1681 2622 et

894 2659 1016 2738 perinde
1031 2660 1100 2718 acsi
1115 2679 1161 2716 me
1181 2659 1216 2716 ad
1236 2660 1330 2718 lucem
1346 2660 1515 2733 reduxeris,
1532 2662 1597 2720 laeta
1618 2663 1678 2722 dis·
1694 2690 1720 2730 ιδ

895 2758 974 2815 cede.
991 2757 1065 2815 Nolo
1080 2759 1157 2815 enim
1168 2770 1201 2814 ut
1213 2777 1259 2814 me
1278 2758 1401 2815 ulterius
1423 2759 1552 2835 appelles
1565 2783 1573 2831 ;
1588 2774 1616 2818 et
1635 2782 1680 2820 re·
1761 2790 1763 2793 ·

896 2856 986 2913 centis
1016 2855 1111 2912 luctus
1133 2867 1272 2911 renovata
1297 2855 1467 2912 crudelitate
1493 2856 1620 2916 tabesco.
1647 2859 1680 2916 Et

896 2952 1021 3028 acceptis
1037 2950 1083 3009 CC
1102 2953 1217 3023 aureis,
1234 2952 1331 3028 puella
1346 2950 1428 3009 abiit.
1450 2951 1486 3008 Et
1503 2954 1544 3011 ait
1564 2955 1676 3012 adeam

897 3049 1091 3122 sintinagovas
1111 3069 1117 3104 :
1134 3047 1199 3117 Quo
1220 3046 1323 3119 vadis,
1340 3041 1551 3106 Tarsial'sine
1575 3051 1681 3109 ellectu

898 3145 1053 3204 laborasti?
1070 3166 1128 3204 non
1147 3145 1267 3224 potuisti
1295 3145 1389 3203 lacere
1410 3146 1640 3205 misericordiam
1655 3163 1682 3208 et
1695 3168 1722 3208 so

859 3302 862 3311 ,
897 3241 1176 3300 subvenirebomini
1187 3241 1374 3298 interficienti
1387 3260 1417 3299 se
1427 3241 1502 3300 lCui
1512 3245 1552 3300 ait
1562 3243 1680 3304 Tarsia:

803 3368 810 3379 ·
897 3337 1002 3396 Omnia
1016 3356 1206 3415 quecumque
1218 3337 1311 3415 potui,
1328 3337 1401 3409 teci;
1417 3352 1446 3396 et
1460 3337 1541 3398 dedit
1555 3341 1625 3400 milri
1639 3325 1696 3403 CC*

319 3433 410 3499 Cat).
438 3433 578 3500 XXXV.

106 3578 204 3652 Leno,
221 3598 310 3656 quum
324 3578 461 3636 audiisset
475 3592 503 3636 et
523 3592 708 3637 contemnere
724 3600 783 3637 non
801 3601 854 3658 po-

65 3679 181 3751 tuisset,
193 3679 263 3737 licet
275 3679 388 3750 nolens,
403 3680 482 3737 misit
493 3697 566 3740 eam.
583 3678 618 3736 Et
634 3679 769 3738 veniente
780 3679 853 3738 Tar·-

64 3776 127 3845 sia,
142 3774 219 3833 dixit
238 3775 431 3850 Antinagoras
446 3797 453 3831 ι
474 3776 575 3834 Dulcis
590 3790 672 3848 nata,
689 3776 738 3834 hic
752 3790 795 3835 est
807 3798 854 3838 ers

25 3878 57 3923 ⁸⁸
65 3871 233 3931 studiorum
241 3885 358 3930 tuorum
367 3874 541 3948 necessaria,
555 3886 587 3931 ut
599 3875 757 3933 consoleris
767 3875 854 3952 hujus

67 3966 154 4027 navis
164 3967 329 4041 domiuum,
342 3968 487 4027 sedentem
497 3971 528 4028 iu
540 3970 684 4043 tenebris,
700 3972 853 4049 conjugem

67 4064 216 4140 lugentem
231 4077 260 4124 et
282 4066 389 4138 liliam3
406 4080 434 4126 et
448 4081 532 4126 autor
546 4069 587 4128 sis
610 4070 637 4127 ei
653 4083 685 4127 ut
705 4069 741 4126 ad
761 4070 854 4128 lucem

66 4175 161 4221 exeat.
188 4162 255 4221 llaec
269 4178 312 4223 est
326 4166 443 4243 pietatis
457 4186 543 4224 causa
554 4166 569 4196 *
582 4187 638 4245 pro
652 4187 711 4244 qna
729 4167 807 4226 Deus
825 4170 854 4226 lit

66 4257 240 4320 bominibus
255 4263 413 4340 propitius.
433 4263 545 4323 Accede
559 4285 643 4342 ergo,
659 4280 687 4323 et
704 4266 793 4325 suade
812 4267 856 4326 illi

22 4362 102 4419 ¹⁰ut
112 4356 150 4415 ad
162 4357 257 4416 lucem
269 4358 407 4436 prodeat,
423 4359 544 4418 forsitan
558 4361 635 4418 Deus
647 4361 711 4419 vult
724 4381 790 4421 eum
805 4383 858 4441 per
926 4410 931 4421 .

68 4471 125 4512 uos
150 4453 262 4513 vivere.
284 4453 316 4512 Si
341 4453 398 4511 hoc
417 4456 548 4532 potueris
575 4456 684 4531 lacere,
702 4456 779 4515 dabo
803 4457 857 4516 tibi

69 4549 172 4609 decem
187 4553 319 4610 sestertia
337 4552 472 4627 argenti*
487 4566 515 4610 et
528 4551 580 4609 XX
595 4572 716 4624 aureos;
733 4566 761 4610 et
780 4553 857 4611 XXX

70 4646 192 4721 diebus,
205 4649 345 4708 redimam
362 4665 389 4707 te
401 4669 418 4706 a
429 4650 550 4721 lenone,
563 4663 596 4707 ut
610 4651 721 4727 possim
734 4652 858 4726 virgim-

70 4760 158 4807 tatem
181 4761 260 4807 tuam
284 4768 413 4808 servare.
435 4749 566 4807 Audiens
581 4748 679 4826 puella
694 4762 860 4808 constanter

16 4860 61 4911 «ι
70 4846 128 4905 ivit
137 4846 174 4905 ad
182 4845 329 4904 hominem
340 4859 386 4919 ;et
397 4845 543 4904 submissa
552 4846 768 4904 vocesalutavit
779 4865 857 4918 eum,

71 4942 174 5003 dicens
189 4965 196 5000 t
212 4943 313 5002 Saluto
328 4957 370 5016 te,
386 4944 564 5020 quicumque
582 4962 631 5014 es;
645 4943 741 5014 salve,
763 4942 860 5001 laetare

71 5052 101 5101 et
114 5041 219 5117 gande.
238 5040 303 5099 Non
318 5042 395 5100 enim
411 5042 509 5117 aliqua
523 5040 636 5117 polluta
650 5039 685 5097 ad
705 5038 860 5098 consolan-

71 5136 144 5199 dum
166 5151 194 5198 te
207 5139 304 5212 veuit,
320 5139 370 5198 sed
385 5143 526 5198 innocens
538 5139 641 5215 virgo,
658 5157 723 5215 quae
735 5137 859 5214 virgini·

898 3454 1011 3507 aureos,
1026 3449 1054 3493 et
1067 3437 1180 3510 rogavit
1195 3454 1239 3491 me
1254 3447 1285 3491 ut
1296 3434 1474 3493 discederem
1488 3434 1525 3493 ab
1539 3457 1585 3509 eo,
1599 3458 1676 3497 asse·

899 3550 967 3589 rens
980 3551 1010 3589 se
1024 3544 1164 3591 renovato
1179 3529 1280 3587 dolore
1295 3530 1433 3590 cruciari.
1449 3531 1485 3589 Et
1503 3532 1546 3589 eit
1564 3535 1683 3592 Antina-
1710 3577 1716 3588 .

900 3647 983 3703 goras
998 3649 1004 3684 :
1018 3626 1079 3702 Ego
1093 3625 1169 3684 dabo
1183 3624 1238 3684 tibi
1251 3625 1344 3683 CCCC
1355 3646 1479 3700 aureos;
1493 3640 1602 3686 tantum
1618 3630 1684 3689 des·
1697 3657 1725 3697 aa

900 3725 1003 3796 cende,
1016 3737 1045 3781 et
1058 3722 1179 3781 refunde
1193 3724 1221 3780 ei
1237 3722 1291 3782 hos
1306 3721 1352 3781 CC
1372 3744 1445 3801 quos
1465 3725 1520 3783 tibi
1537 3726 1617 3784 dedit
1630 3750 1638 3799 ;
1656 3743 1685 3786 et

899 3822 947 3880 dic
961 3821 989 3878 ei
1001 3841 1008 3876 ε
1021 3819 1082 3895 Ego
1091 3820 1212 3877 salutem
1224 3833 1302 3878 tuam
1316 3840 1417 3897 quaero
1425 3864 1433 3892 ,
1446 3841 1505 3879 non
1517 3824 1683 3899 pecuniam.

900 3918 936 3976 Et
947 3915 1096 3975 descendit
1110 3913 1230 3986 Tarsia,
1251 3930 1279 3973 et
1291 3917 1365 3974 sedit
1384 3915 1469 3993 juxta
1485 3938 1550 3976 eum
1571 3933 1599 3976 et
1622 3922 1660 3978 ait
1676 3943 1684 3980 :

901 4016 977 4086 Jam,
997 4015 1072 4073 siin
1093 4013 1148 4071 lroc
1171 4014 1307 4089 squalore
1332 4034 1502 4091 permanere
1516 4017 1682 4089 destinasti,

902 4114 1037 4194 permitte
1056 4131 1102 4170 me
1119 4124 1212 4169 tecum
1228 4111 1258 4168 in
1277 4110 1324 4169 bis
1348 4111 1475 4170 tenebris
1490 4115 1612 4172 miscere
1627 4135 1684 4174 ser·
1700 4137 1729 4178 to

903 4231 1028 4271 monem.
1057 4209 1184 4267 sienim
1207 4207 1413 4287 parabolarum
1439 4230 1567 4268 mearum
1595 4214 1687 4273 nodos

903 4310 1040 4380 solveris,
1056 4307 1179 4378 vadam;
1197 4307 1242 4364 sin
1257 4306 1341 4377 alias,
1358 4308 1508 4365 refundam
1531 4308 1586 4367 tibi
1601 4330 1689 4387 pecu-

904 4428 993 4480 niam,
1017 4420 1045 4465 et
1074 4405 1236 4466 abscedam.
1261 4406 1453 4483 Apollonius,
1477 4427 1513 4464 ne
1535 4409 1688 4486 pecuniam

904 4505 1062 4583 reciperet,
1077 4514 1106 4561 et
1128 4503 1249 4581 cupiens
1274 4522 1290 4559 a
1310 4503 1454 4580 prudente
1471 4503 1569 4580 puella
1584 4505 1688 4564 audire

804 4652 810 4663 .
837 4654 842 4665 .
904 4620 1085 4671 sermonem,
1102 4599 1166 4657 ait:
1183 4599 1264 4656 Licet
1285 4600 1316 4657 in
1337 4599 1422 4657 malis
1436 4600 1516 4657 nulla
1536 4619 1605 4657 cura
1619 4621 1687 4680 sup-
1703 4636 1730 4677 4,

905 4711 992 4777 petat,
1008 4696 1065 4755 nisi
1076 4694 1164 4752 flendi
1176 4707 1204 4752 et
1215 4694 1345 4770 lugendi,
1359 4709 1466 4773 tamen,
1476 4708 1508 4753 ut
1518 4712 1690 4757 ornamento

906 4795 1013 4852 laetitiae
1027 4812 1063 4850 ne
1082 4810 1206 4862 caream,
1222 4791 1271 4849 dic
1285 4812 1350 4868 quae
1369 4793 1584 4868 interrogatura
1599 4813 1644 4866 es,
1663 4808 1690 4853 et

906 4891 1031 4949 discede.
1045 4889 1155 4947 Precor
1176 4889 1256 4945 enirn
1278 4902 1310 4946 nt
1333 4890 1451 4948 fletibus
1472 4896 1544 4948 meis
1565 4894 1689 4969 spatium

907 4986 1034 5058 tribuas;
1048 4997 1076 5043 et
1088 4985 1128 5042 ait
1139 4981 1242 5041 Tarsia
1256 5004 1263 5039 ε

945 5172 957 5196 ι
971 5154 1014 5203 Est
1028 5153 1116 5202 domus
1131 5148 1313 5201 internectere
1325 5162 1380 5214 quo
1393 5162 1452 5202 voce
1467 5153 1583 5215 resulnt,
1707 5156 1734 5194 ω
