3726 5692
174 378 213 426 56

249 523 261 548 ι
275 493 304 553 δν
319 497 346 554 ἐν
358 503 457 575 νεκροῖς
469 493 581 567 ἤλπιζον
590 497 617 554 έν
632 500 696 566 ζῶσι
707 496 810 577 βλέπον.
828 526 840 550 1>

194 605 235 644 κιο
250 584 305 645 Καὶ
319 584 516 662 συμπλακέντες
526 587 564 665 τῷ
575 585 672 661 μεταξύ
687 589 739 644 τῶν
749 585 833 664 λόγων

248 675 282 738 ὡς
293 671 381 737 κισσὸς
391 673 426 738 εἰς
441 672 513 752 δρῦν,
524 673 676 818 ἇντεφίλουν
690 673 820 751 ἀσμένως.

249 757 328 820 otus
342 758 565 818 δυσαπόσπαστον
577 782 590 817 ε
600 782 647 838 χον
658 757 706 832 τὴν
715 760 817 840 σχέσιν,

248 851 283 914 ὡς
294 847 340 904 καὶ
350 846 456 918 δόκησιν
467 846 594 923 ἐμόαλιῖν
606 849 755 928 Μαρυλλίδι

251 936 297 994 καλ
310 939 388 1012 σῶμα
402 936 508 1002 πάντως
520 934 547 994 έν
559 937 679 1013 γινέσθαι
693 936 751 1005 τοὺς
763 937 824 1010 δύο,

195 1045 234 1084 nm
248 1023 272 1083 οἳ
282 1027 319 1104 τῷ
331 1027 472 1106 προλαλεῖν
487 1015 567 1096 ἦλθον
577 1027 612 1091 είς
623 1024 710 1106 ψυχὴν
722 1026 798 1101 μίαν·

246 1112 361 1180 τοιοῦτός
372 1115 427 1171 ε’στι
441 1122 493 1180 πᾶς
504 1115 571 1191 ἐρῶν
581 1112 661 1172 πόθου
672 1113 773 1172 πνέων·

248 1202 294 1259 καὶ
308 1200 358 1281 γδιρ
368 1201 482 1261 κατιδὼν
493 1201 525 1273 ἢν
537 1207 611 1261 ποθιῑ
623 1202 691 1277 μετὰ
704 1201 796 1281 χρόνον

251 1290 377 1363 άπληστα
390 1294 459 1371 φιλεῖ
473 1291 537 1371 πρὸς
546 1291 576 1349 τὸ
588 1290 667 1363 λῆξαι
680 1296 725 1350 τοῦ
743 1292 832 1352 πόθου.

248 1378 335 1447 Μόλις
347 1381 487 1461 Χαρικλῆς
499 1379 557 1458 άρτι
569 1379 654 1460 νήψας
663 1379 775 1460 άντέφη·

197 1488 239 1527 eto
254 1494 266 1520 ιι
282 1467 352 1528 Ἀλλ’
361 1456 384 1525 όν
394 1473 516 1525 τοσοῦτον
533 1467 601 1525 ὥστε
615 1466 652 1545 μὴ
663 1466 760 1526 σθένειν
772 1466 867 1544 λέγειν,

249 1583 261 1608 ι
276 1544 362 1634 ὧφιῦς
372 1555 487 1634 ἱμερτὸν,
498 1544 520 1613 ὦ
530 1556 598 1625 πνοὴ
611 1555 657 1614 καὶ
671 1554 782 1635 καρδία,

252 1671 263 1694 ι
280 1647 335 1710 πῶς
348 1643 397 1714 τὴν
409 1644 539 1714 τοσαύτην
549 1642 595 1701 καλ
607 1642 730 1714 διηνυσας
739 1643 840 1724 τρίόον,

248 1760 261 1784 ιι
276 1733 321 1791 καλ
332 1731 397 1811 πρὸς
408 1731 437 1790 τὸ
448 1731 532 1811 παρὸν
543 1731 619 1811 έσχες
632 1734 714 1791 ἐλθεῖν
726 1731 837 1813 χωρίον;
850 1761 861 1784 ιι

251 1848 264 1874 ιι
280 1821 395 1887 Ἐκεῖνος
409 1820 484 1886 αύτδς
500 1850 511 1871 ιι
524 1811 595 1878 εἶπεν
611 1811 709 1891 αύθιςή
724 1822 798 1899 κόρη,

196 1929 237 1970 ttn
253 1931 268 1966 ιι
281 1909 363 1969 ἐλθεῖν
378 1908 564 1987 καθωδήγησεν
575 1910 610 1973 είς
621 1910 650 1966 τὸ
661 1908 755 1987 χωρίον

249 2024 261 2050 ιι
276 2003 289 2057 ὁ
302 1998 347 2055 καλ
360 1998 494 2069 θαλάσσης
507 1997 719 2077 πλημμυρούσης
729 1998 851 2075 ἁρπάσας

248 2114 259 2138 ιι
275 2086 321 2146 καὶ
335 2085 378 2144 τὸν
391 2088 527 2165 Χαρικλῆν
538 2086 623 2155 ζῶντά
636 2108 680 2160 μοι
690 2087 747 2149 δοὺς
756 2091 802 2142 νῦν
817 2083 936 2164 βλέπειν.
951 2112 962 2134 ι

249 2176 357 2243 Τούτοις
367 2175 504 2255 Μαρυλλλς
520 2174 673 2253 προσχαρὴς
687 2171 839 2249 δεδειγμένη

250 2263 344 2343 ἔφησεν
359 2292 369 2314 ι
381 2261 431 2328 Ὡς
440 2262 528 2320 καινόν
541 2285 565 2318 τι
577 2262 721 2340 δέρκομαι,
733 2260 813 2329 ξένοιέ

197 2373 238 2412 κου
254 2379 266 2403 ι
283 2352 338 2411 Καὶ
350 2357 430 2428 γραῦς
448 2350 495 2426 μέν
508 2352 562 2426 εἰμί
571 2350 616 2408 καὶ
629 2349 751 2428 προόᾶσα
761 2348 917 2427 πρεσόύτις,

254 2466 265 2492 ιι
280 2443 404 2519 χρηστῶν
415 2438 442 2496 δέ
454 2440 558 2495 πολλῶν
575 2437 620 2495 καλ
632 2440 720 2495 κακῶν
738 2435 802 2514 ἴδρις
817 2435 892 2515 ἔφυν·

254 2555 266 2578 ιι
282 2528 350 2597 πλὴν
362 2526 432 2583 ἀλλὰ
443 2527 494 2606 γὰρ
504 2529 625 2583 τοσοῦτον
641 2525 688 2582 ούκ
699 2524 779 2602 ἔγνων
794 2524 882 2594 πόθον,

253 2641 264 2666 ι
280 2615 333 2672 οὐδ’
352 2604 419 2671 εἶδον
432 2611 512 2678 οὕτως
526 2615 608 2692 εὐφυῆ
620 2610 744 2688 συζυγίαν

252 2728 262 2751 ιι
279 2703 404 2759 ἐλθοῦσαν
422 2702 457 2765 είς
472 2698 573 2772 μέθεξιν
586 2701 695 2778 οἰκτρῶς
706 2701 735 2756 ἐκ
745 2696 804 2756 νέου

195 2811 235 2851 κει
249 2816 261 2841 ιι
277 2791 305 2846 ού
318 2790 484 2866 καρτερητῶν
500 2788 707 2857 άλλεπαλλήλων
723 2785 818 2847 πόνων.

251 2903 263 2928 ιι
280 2875 335 2936 Καὶ
347 2875 394 2945 τὴν
412 2872 468 2950 μὲν,
481 2863 503 2932 ὦ
517 2877 583 2945 Ζεῦ,
595 2872 722 2953 παρθένον
731 2875 904 2955 τηρουμένηι,

253 2994 264 3019 ιι
281 2964 325 3024 καλ
336 2969 420 3022 ταῦτα
433 2961 527 3033 δούλην
537 2964 663 3030 πολλάκις
678 2964 852 3042 δεδιιγμένην,

252 3081 263 3104 ι
279 3051 339 3118 τοὺς
351 3051 477 3126 ἐμμανεῖς
488 3049 586 3131 ἔρωτας
598 3051 796 3131 ἐκπεφευγέναι,

252 3168 263 3192 ι
278 3140 321 3199 τὸν
333 3137 360 3197 δέ
371 3139 434 3218 πρὸς
446 3138 513 3195 αύτδι
529 3136 668 3218 βαρόάρων
683 3139 771 3215 γυμνά
783 3138 859 3219 ξίφη,

196 3248 236 3288 κου
250 3255 261 3280 ι
276 3227 340 3286 ὡσεὶ
352 3226 441 3306 θέρους
452 3225 594 3304 ἄγρωστιν,
608 3227 802 3333 ἐμπεπτωκότα
809 3274 820 3303 ,

250 3344 261 3365 ιι
278 3317 303 3372 ἐν
315 3318 392 3383 ζῶσιν
408 3305 490 3388 εἶναι,
511 3314 555 3371 καλ
570 3337 684 3370 ουνειναι
699 3317 732 3392 τῇ
747 3312 827 3393 κόρῃ,

252 3432 263 3454 ι
279 3402 377 3472 ταύτης
389 3402 506 3480 λαχόντα
517 3401 564 3471 τὴν
581 3400 706 3469 διάζευξιν
720 3403 818 3460 πάλαι·

251 3518 264 3544 ι
278 3497 336 3550 θεοῦ
350 3491 434 3568 λέγεις
444 3490 473 3548 τὸ
482 3500 612 3569 πρᾶγμα,
626 3491 671 3547 καὶ
685 3493 771 3556 καλῶς
783 3492 882 3568 λέγεις,

253 3606 265 3632 ιι
283 3583 385 3657 σῶφρον
401 3570 543 3656 Δρόοιλλα.
558 3578 729 3652 Καλλέδημος
747 3577 854 3656 ἐρρέτω.

196 3690 236 3731 205
253 3697 263 3720 ι
278 3666 333 3733 Οθς
345 3666 397 3746 γὰρ
409 3666 464 3733 θεὸς
476 3668 575 3745 συνῆψε
590 3664 628 3730 τίς
640 3664 800 3741 διασπάσοι;
814 3691 826 3717 ι

252 3752 357 3837 Ἐφησε
368 3760 469 3830 ταῦτα,
484 3753 527 3812 καὶ
541 3752 672 3830 τράπεζαν
685 3754 720 3819 εἰς
733 3751 811 3829 μέσον

248 3845 371 3915 τέθεικεν,
387 3873 397 3894 ι
414 3842 493 3919 Ὑμῖν
508 3840 729 3920 ουγχαρήσομαι,
744 3840 809 3909 ξένοι
818 3888 827 3915 ,

251 3959 262 3984 ι
277 3934 326 4003 τὴν
339 3931 463 4009 σήμερον·
482 3959 493 3981 ι
509 3929 623 4007 λέγουσα
636 3957 647 3981 ι
660 3929 827 4010 συμπάρεετί
841 3953 899 4006 μοι·

251 4047 262 4074 ι
277 4019 323 4077 καλ
335 4017 505 4096 συγχορεύσω
518 4020 557 4097 τῷ
573 4020 622 4097 θεῷ
637 4016 771 4096 Διονύσῳ,

196 4130 237 4169 270
252 4135 263 4159 ι
279 4107 408 4172 παθόντας
420 4104 511 4185 οἶκτρδι
525 4109 665 4185 προσφυῶς
674 4105 796 4176 ἡνωκότι.
815 4130 826 4159 ι

249 4187 331 4257 oum
342 4194 389 4270 μὲν
401 4185 444 4252 ούν
456 4196 570 4253 ἐντεῦθεν
582 4193 760 4272 ἠοχολημένοι

250 4292 373 4364 τροφαῖς,
395 4286 538 4364 κρατῆρσιν
554 4281 751 4363 άμφεγάννυντο
763 4281 857 4339 πλέον·

249 4377 265 4444 ἡ
278 4378 359 4452 γραῦς
374 4369 401 4430 δέ
417 4371 425 4453 (
439 4370 483 4430 καὶ
503 4368 553 4449 γδρ
566 4370 720 4449 προσχαρὴς
734 4361 765 4441 ἦν
777 4369 824 4438 τὴν
839 4368 934 4450 φύσιν)

251 4459 299 4533 ms
314 4468 426 4541 φανεῖσα
440 4463 488 4530 τῆς
502 4466 588 4537 χαρᾶς
600 4457 644 4515 καί
656 4461 702 4515 τοῦ
715 4456 811 4529 πότου,

195 4570 235 4610 275
249 4549 344 4631 ἤγερτο
358 4547 448 4607 λοιπὸν
460 4550 506 4616 τῆς
520 4546 647 4624 καθέδρας
660 4545 753 4625 ὀρθία,

250 4637 295 4695 καὶ
309 4636 373 4717 πρὸς
384 4635 416 4693 τὸ
428 4643 539 4713 πρᾶγμα
552 4636 628 4704 δῆθεν
638 4634 832 4709 ίσκευασμένη,

253 4725 372 4783 λεύοῦοα
387 4723 568 4803 χειρόμακτρα
581 4744 658 4801 χερσι
671 4731 726 4788 ταις
738 4721 801 4799 δύο,

248 4814 359 4893 ὄρχησιν
373 4812 515 4893 ὠρχήσατο
529 4809 738 4890 βακχικωτέραν,

253 4904 363 4981 φθόγγον
376 4899 486 4980 κορύζης
498 4900 527 4957 οὗ
539 4897 643 4976 μακρὰν
656 4897 798 4973 ποιουμένη

195 5006 238 5049 280
253 5001 337 5068 χαρᾶς
348 4989 476 5061 τελεστὴν
496 4988 540 5047 καὶ
555 4987 666 5065 γέλωτος
679 4989 800 5065 ἐργάτην.

250 5073 387 5158 Ἔσφαλλε
401 5079 487 5156 μέντοι
500 5075 573 5152 θαμδι
585 5074 788 5151 συγκινουμένην

251 5167 281 5225 τὸ
295 5167 400 5246 συνεχές
413 5167 529 5247 λύγισμσ
544 5164 591 5236 τὴν
610 5163 781 5245 Μαρυλλίδα·

886 369 1038 432 ΒΙΒΛῙΟΝ
1065 375 1099 432 Ζ.

983 512 987 573 Ι
1011 531 1023 554 ι
1039 514 1118 568 Quem
1127 513 1189 562 inter
1199 513 1511 576 mortuosessespersbam
1518 526 1587 563 nune
1595 513 1686 562 vinum
1704 527 1813 562 uerno..

984 584 988 683 Ξ
1040 602 1145 663 unoque
1166 601 1229 650 inter
1248 601 1335 663 verbs,
1356 600 1507 652 ndhmrentes
1525 600 1588 652 ulter
1611 600 1697 663 niteei,
1709 603 1814 666 quanm

984 706 988 737 ε
1011 689 1077 739 vetut
1101 690 1199 751 nedem,
1220 703 1247 740 se
1260 689 1351 740 mutuis
1370 688 1632 751 instetuemus,
1656 690 1736 740 sentis
1751 689 1813 741 sdes

985 800 988 819 ι
1011 777 1067 826 nexi
1089 779 1207 838 sinentis,
1226 781 1255 828 ut
1274 778 1381 841 ΜειγΙΙίε
1400 778 1539 839 crediderit,
1562 792 1646 828 nnnm
1673 792 1690 828 e
1714 776 1813 829 dnobus

985 846 988 935 ί
1010 866 1146 917 umentibus
1159 868 1232 917 tuisse
1247 880 1337 930 eorpus
1349 866 1492 930 adunatum,
1504 880 1567 931 quus
1576 866 1632 928 ism
1642 866 1812 917 nnnieisntntin

1011 956 1099 1004 fecerat
1110 956 1243 1006 unanimes.

986 1078 989 1137 γ
1040 1047 1092 1095 tion
1105 1044 1175 1094 siiter
1187 1045 1341 1108 comparatus
1351 1047 1388 1094 est
1398 1042 1500 1106 quilibet
1510 1044 1619 1106 ζιιυεαε,
1640 1055 1724 1105 quum
1735 1044 1811 1095 tenet

986 1140 988 1223 γ
1009 1132 1135 1182 desiderio.

985 1230 989 1337 γ
1045 1221 1148 1280 Quando
1157 1221 1246 1272 etenim
1256 1222 1352 1284 tongum
1364 1223 1419 1285 pust
1427 1223 1525 1285 tempus
1534 1220 1693 1271 emetevisu
1707 1221 1808 1284 nentur,

986 1340 989 1423 γ
1012 1310 1130 1360 multone
1147 1311 1237 1374 proluit
1257 1311 1394 1360 mentorum
1409 1322 1477 1370 rnre,
1496 1309 1633 1371 restinguat
1647 1312 1676 1360 ut
1689 1309 1809 1373 cupidinis

1010 1408 1083 1458 ignes.

1041 1483 1148 1534 Tandem
1161 1485 1284 1536 Charicles
1299 1486 1377 1536 iaetus
1388 1485 1426 1535 sui
1437 1498 1553 1548 nnmuns:
1568 1505 1582 1529 ιι
1599 1488 1622 1536 0
1638 1499 1694 1536 mee
1705 1487 1758 1544 iux,
1768 1487 1807 1534 tm

1013 1593 1025 1616 ι
1039 1574 1117 1621 uerior
1124 1573 1182 1622 mihi
1191 1587 1265 1647 quam
1273 1577 1302 1624 ut
1310 1574 1389 1624 dicere
1397 1576 1497 1637 queem!
1508 1574 1632 1623 ominis!
1642 1588 1659 1623 ο
1668 1575 1806 1623 ensentium!

1011 1683 1024 1704 ι
1037 1660 1160 1724 quomodo
1177 1667 1226 1711 tem
1241 1662 1339 1725 tongum
1351 1663 1448 1727 potuisti
1468 1662 1590 1712 emtinere
1604 1646 1663 1722 tter,
1678 1664 1706 1713 et
1719 1664 1751 1711 nd
1763 1662 1807 1713 bns

1011 1768 1023 1792 ιι
1042 1750 1280 1812 nomenniomen»
1294 1782 1324 1792 -
1338 1771 1350 1795 ιι
1363 1751 1406 1801 itte
1418 1750 1469 1814 ipse
1483 1771 1495 1794 ν
1516 1751 1627 1801 vicissim
1640 1751 1725 1814 puetis
1735 1752 1807 1805 dixit.

1012 1858 1023 1880 ι
1036 1839 1145 1888 tuitmitii
1160 1840 1210 1887 dux
1220 1841 1312 1888 itineris
1320 1842 1400 1903 quiex
1412 1841 1483 1889 undu
1491 1840 1647 1889 tumentibus
1655 1854 1696 1889 me
1709 1842 1807 1903 enpuit.

1012 1944 1024 1967 ιι
1042 1925 1227 1988 ehericiemuue
1239 1928 1322 1976 sivum
1334 1940 1398 1976 nunc
1408 1940 1476 1977 meos
1488 1927 1553 1976 sistit
1566 1930 1628 1977 ente
1641 1929 1735 1977 ocutus.
1749 1949 1761 1969 ι

1043 2264 1079 2315 Ad
1094 2265 1148 2314 been
1168 2264 1277 2326 Msryiiis
1296 2264 1352 2314 lueto
1372 2260 1461 2312 vultu:
1477 2281 1489 2304 ι
1503 2265 1573 2336 ¹item
1591 2261 1675 2321 video,
1696 2263 1806 2326 iiusnites,

1014 2373 1026 2395 ιι
1044 2352 1212 2415 prodigiosum.

1045 2463 1056 2485 ι
1073 2449 1139 2491 Anus
1149 2454 1204 2490 sum
1213 2440 1312 2503 quidem
1322 2440 1372 2502 ism
1383 2439 1465 2502 grandi
1477 2441 1594 2501 provecte
1601 2442 1685 2497 etate.
1696 2443 1724 2489 et
1731 2441 1805 2490 mnits

1014 2551 1026 2574 ι
1041 2544 1096 2579 sum
1115 2532 1214 2592 experte
1234 2529 1441 2591 hosannaque,
1460 2527 1568 2577 nondum
1587 2530 1671 2580 tumen
1686 2532 1758 2579 tntn
1772 2530 1804 2578 ini

1014 2639 1026 2663 ιι
1041 2620 1108 2668 testis
1124 2619 1215 2678 amori;
1232 2631 1277 2667 nee
1293 2616 1344 2665 vidi
1363 2629 1469 2679 unquam
1480 2619 1531 2665 tum
1551 2615 1685 2678 pulchrum
1701 2631 1746 2680 per
1755 2618 1804 2666 tun

1014 2728 1025 2750 ι
1042 2708 1154 2770 gestibus
1167 2710 1193 2756 et
1207 2706 1336 2765 catenatis,
1355 2719 1370 2754 ε
1391 2708 1473 2754 tenere
1485 2704 1537 2767 inm
1551 2706 1665 2767 mutuis,
1679 2719 1803 2769 ορεειυιιι

1014 2817 1026 2839 ι
1041 2796 1114 2845 nuris.
1132 2796 1200 2845 illem
1214 2808 1280 2855 vero,
1300 2794 1359 2856 proh
1374 2795 1481 2855 Jupiteri
1496 2792 1617 2857 virginem
1635 2808 1714 2858 usqne
1725 2797 1752 2845 et
1764 2808 1805 2844 en·

1014 2908 1025 2930 ι
1042 2890 1115 2946 stein,
1128 2884 1201 2948 idque
1215 2898 1263 2934 nnn
1272 2884 1345 2935 semel
1357 2882 1499 2933 servitutem
1511 2883 1674 2945 servientem,
1687 2882 1805 2934 immanes

1014 2996 1025 3018 ι
1040 2975 1151 3037 effugisse
1164 2975 1277 3024 tieromm
1289 2985 1397 3033 emonem
1409 2972 1474 3021 hune
1489 2984 1549 3021 vem
1565 2972 1626 3035 imis
1641 2972 1804 3023 Bethemnm

1014 3084 1026 3108 ιι
1040 3063 1138 3126 gladiis,
1152 3064 1263 3115 nstimm
1277 3065 1305 3111 ut
1315 3074 1413 3125 gramen
1424 3060 1536 3110 niessuris
1550 3060 1608 3109 isici
1620 3061 1806 3124 subjectumne

1014 3173 1025 3195 ιι
1042 3152 1104 3201 vivis
1113 3152 1193 3201 adhue
1205 3164 1264 3214 esse,
1274 3153 1299 3200 et
1308 3152 1401 3211 tongum
1411 3151 1465 3213 post
1474 3148 1679 3212 disiunctionem,
1693 3164 1743 3200 nnn
1752 3164 1806 3200 enm

1014 3262 1025 3284 ι
1043 3241 1120 3303 puetis
1133 3241 1231 3298 versari,
1243 3238 1281 3289 dei
1292 3239 1338 3288 hnc
1347 3252 1398 3288 esse
1407 3237 1467 3288 dieis
1477 3250 1549 3300 opus,
1561 3240 1586 3287 et
1599 3240 1692 3288 merito
1701 3238 1807 3302 nitidem.

1014 3351 1026 3373 ι
1041 3330 1136 3391 sapiens
1148 3328 1257 3378 Drosiiie.

1045 3438 1057 3461 ι
1072 3418 1156 3467 vatent
1168 3430 1223 3478 ergo
1235 3414 1387 3466 csiiidemus.

1045 3759 1057 3782 ι
1072 3743 1138 3796 Quos
1146 3737 1229 3798 iunxit
1242 3737 1315 3793 Deus,
1328 3747 1383 3796 ιγιιιι
1389 3732 1524 3794 disjungat?
1534 3750 1547 3774 ιι
1560 3732 1606 3782 iiis
1613 3732 1702 3794 dictis,
1714 3748 1812 3785 mense·

1012 3841 1058 3890 que
1069 3827 1094 3875 in
1104 3826 1182 3874 medin
1194 3829 1277 3888 posits,
1289 3843 1301 3866 ιι
1310 3823 1393 3883 vobis,
1409 3841 1422 3864 ν
1434 3823 1468 3871 au
1479 3841 1491 3864 ν
1499 3821 1632 3884 Hospites,
1649 3824 1725 3873 hodie
1735 3824 1815 3884 gaude

1013 3934 1025 3958 ι
1041 3927 1082 3964 ero
1095 3912 1226 3976 ρειῑὶιιυες
1238 3910 1320 3974 quidni
1328 3911 1441 3960 enimtet
1449 3909 1542 3959 nnitsbn
1552 3910 1690 3961 nobiseum
1702 3913 1728 3962 in
1736 3915 1815 3963 unne-

1013 4022 1025 4047 ι
1039 4016 1089 4052 rem
1108 4002 1212 4060 Bacchi,
1227 4002 1266 4063 qui
1281 4001 1381 4049 miseros
1393 4000 1501 4047 ementes
1512 3998 1592 4048 inuste
1606 4001 1754 4063 nonjunxit.
1770 4023 1784 4043 ·

1042 4091 1100 4140 inde
1112 4090 1197 4138 vnnnnt
1208 4088 1275 4147 cibis,
1289 4087 1412 4150 plenisque
1421 4098 1446 4135 se
1458 4085 1575 4148 proluunt
1587 4089 1704 4148 poculis.

1041 4183 1172 4229 Anusvem
1181 4176 1191 4240 (
1200 4176 1288 4225 etenim
1299 4177 1384 4224 nature
1394 4175 1439 4224 tuit
1449 4173 1482 4223 nd
1490 4173 1646 4225 hilaritatem
1655 4182 1816 4241 numnnntn)

1008 4269 1059 4330 jnm
1071 4268 1154 4318 iustitis
1165 4266 1234 4329 niens
1247 4269 1271 4314 et
1285 4263 1344 4314 itone
1354 4263 1461 4314 seuetste
1469 4262 1550 4323 liberi,
1560 4275 1578 4311 s
1588 4275 1685 4314 mense
1697 4268 1814 4327 menesii,

1010 4372 1083 4421 seque
1103 4356 1134 4405 nd
1157 4368 1219 4418 epus
1241 4354 1383 4416 accingens,
1395 4350 1556 4413 munitusque
1578 4355 1673 4403 tenens
1686 4358 1815 4413 mentun,

1011 4447 1162 4497 stitutionem
1174 4444 1272 4494 ssitnvit
1283 4442 1337 4505 plus
1348 4454 1422 4504 quem
1435 4439 1596 4502 senticem,
1610 4443 1685 4507 turni
1697 4448 1725 4494 et
1741 4447 1816 4495 nnsi-

1010 4534 1068 4584 duto
1078 4533 1176 4597 {rugosis
1186 4532 1306 4583 euntibus
1315 4542 1461 4594 concrepans
1469 4541 1539 4586 suno.
1549 4542 1603 4591 qun
1614 4531 1736 4585 iustitium
1748 4548 1814 4585 οισι·

1011 4623 1052 4674 bst
1065 4621 1191 4685 eiebstqne
1203 4620 1339 4671 eschinum

1041 5071 1088 5124 sed
1101 5072 1162 5121 inter
1174 5068 1310 5132 trequentes
1320 5064 1484 5116 membrorum
1498 5063 1677 5126 quassatione
1688 5066 1751 5117 dnm
1764 5067 1806 5116 υἰ-

1014 5161 1184 5221 cumnertitur,
1193 5170 1241 5208 non
1250 5168 1328 5218 usque
1338 5156 1404 5204 resto
1415 5151 1494 5203 stabnt
1503 5149 1553 5200 uto
1564 5152 1694 5217 Manytiis,
