3726 5692
792 365 902 424 LlBiIll
925 367 950 423 Ι.
1623 378 1679 426 ets

55 501 133 570 σχεῖν
148 490 250 573 πρδςτδ
263 494 361 563 πλῆθος
380 496 432 552 τῶν
446 494 592 571 πολεμίων·
615 493 692 561 αύτδς
716 496 791 566 δῆθεν
809 498 843 560 ὡς
891 504 976 553 volsis
991 503 1137 553 multitudini
1160 504 1263 552 bostium
1287 503 1364 552 resisti
1383 516 1470 566 posse:
1487 503 1550 565 ipse,
1566 506 1682 564 tanquam

55 581 211 657 Θίρμουθιν
229 579 394 653 ίπιζητήσων
409 583 520 650 καὶτοῖς
535 582 629 650 ἑστίαις
643 587 707 649 θεοῖς
722 582 846 651 κατευξό-
893 593 1061 641 Tbermnitiim
1074 593 1240 655 inquisiturus,
1249 595 1273 641 et
1288 592 1333 641 diis
1345 591 1475 641 Penatibus
1484 595 1542 640 sota
1553 605 1681 654 nuncupa·

56 691 137 743 μενος
151 667 259 727 ἕπεσθαί
271 692 298 726 τε
314 669 405 745 μηδενὶ
417 672 591 751 συγχωρήσας
606 671 649 729 ἐπὶ
665 670 695 729 τδ
714 672 845 748 δωμάτιον
894 684 978 741 turus,
991 681 1067 740 nulli,
1077 681 1118 743 qui
1130 694 1156 730 se
1168 686 1319 742 sequeretur,
1331 681 1484 744 permittens,
1501 680 1531 729 ad
1545 680 1680 729 domuncu-

56 754 345 836 ἔμμανήςᾶνίστρερε.
387 759 590 829 Δυσανόκλητσν
606 759 724 840 δί,πρδς
738 760 801 839 ὅπερ
815 759 846 818 ἂν
894 770 941 818 lam
955 769 1099 818 lnribundus
1112 768 1285 819 revertebatur.
1320 769 1388 819 llaud
1398 769 1556 818 laciteautem
1569 769 1682 830 indeque

27 872 42 909 s
59 844 170 923 θρμῆση
189 844 219 903 τδ
241 844 375 924 βόρόαρον
396 837 471 916 ἦθος·
492 844 541 904 κᾶν
559 850 666 926 ἀπογνῷ
686 848 732 918 τὴν
753 852 845 907 ἑαυτοῦ
893 858 967 907 semel
980 856 1104 906 contendit
1118 857 1225 919 revecari
1236 860 1279 906 aut
1292 856 1387 907 delleeti
1396 860 1475 920 potest
1486 857 1637 906 barbaricum
1648 857 1683 905 in·

57 935 205 1014 σωτηρίαν,
228 938 398 1013 προαναιρεῖν
423 934 494 993 ἅπαν
518 935 548 993 τὸ
569 935 644 1016 ρίλον
669 935 768 1010 εἴωθεν,
788 937 846 1009 ἤτοι
893 947 990 1008 genium
1004 948 1028 996 et
1040 947 1059 995 si
1072 946 1144 996 saluti
1155 959 1206 995 suae
1219 945 1398 1009 desperaverint
1410 947 1570 1008 priustollere
1584 958 1683 994 consue·

58 1023 214 1082 συνέσεσθαι
228 1024 317 1088 αὐτοῖς
339 1022 385 1081 καὶ
412 1023 605 1099 perdicionem
628 1026 808 1102 ἀπατώμενον,
829 1025 846 1096 ἢ
895 1038 982 1084 verunt
994 1047 1152 1097 quoscunque
1163 1048 1232 1084 caros
1243 1035 1333 1083 babent
1353 1034 1463 1096 barbari,
1476 1040 1519 1082 aut
1537 1047 1620 1083 secum
1634 1047 1683 1082 rina

57 1112 151 1191 χειρὸς
163 1110 292 1188 πολεμίας
307 1110 353 1167 καὶ
376 1110 474 1190 ύύρεως
492 1112 684 1193 ἐξαιρούμενον.
728 1114 789 1196 Ὑφ’
811 1103 847 1171 ὧν
894 1124 944 1172 lore
959 1124 1024 1185 illos,
1040 1124 1113 1173 etiam
1134 1127 1305 1186 postmortem
1322 1123 1492 1182 eredens,aut
1510 1137 1523 1172 a
1540 1126 1681 1174 vilrostium

57 1199 245 1275 καίόθύαμις
259 1202 312 1257 τῶν
332 1198 380 1275 μίν
404 1203 429 1258 ἐν
445 1202 522 1282 χερσί
542 1201 848 1279 πόντωνάμνημονήσας
893 1214 918 1261 et
940 1212 1026 1273 iniuria
1050 1211 1183 1262 vindicans.
1216 1212 1323 1262 Eandem
1347 1212 1379 1261 ob
1402 1225 1499 1261 causam
1523 1216 1547 1262 et
1569 1213 1683 1275 Thyamis

15 1307 42 1344 ru
55 1288 106 1345 καί
119 1289 193 1345 ταῦθ’
208 1287 299 1364 ὥσπερ
309 1287 404 1367 ἄρκυσι
419 1292 472 1354 τοῖς
483 1290 618 1368 πολεμίοις
632 1290 846 1366 κεκυκλοιμίνος,
894 1300 1002 1348 omniurn
1012 1302 1143 1362 quaeerant
1154 1313 1204 1362 prae
1215 1300 1326 1349 manibus
1335 1299 1439 1361 oblitus,
1450 1301 1569 1363 praecipue
1578 1314 1634 1349 cum
1642 1313 1680 1349 re

55 1375 137 1453 όρωτι
150 1376 177 1433 δὲ
190 1375 236 1434 καί
247 1376 394 1456 ζηλοτυπία
407 1377 452 1436 καλ
462 1383 536 1458 θυμῷ
549 1380 675 1458 καίτσχσς,
686 1378 729 1436 ἐπὶ
741 1379 770 1437 τὸ
784 1378 849 1451 σπή-
895 1387 938 1436 luit
950 1386 1042 1437 retibus
1055 1387 1161 1437 bostium
1173 1388 1417 1450 copiiscirenmdatus
1428 1392 1504 1446 esset;
1519 1402 1602 1437 amore
1616 1401 1682 1448 vero,

55 1466 135 1522 λαεον
151 1462 234 1523 ἐλθὼν
248 1467 284 1529 ὡς
297 1455 352 1544 εἶχε
368 1464 464 1544 δρόμου
478 1467 685 1543 καθαλλόμενος,
703 1467 806 1542 spectio
820 1491 849 1526 τε
895 1475 1010 1538 zelotypia
1021 1478 1046 1525 et
1058 1476 1093 1524 ira
1105 1476 1200 1536 tureos,
1215 1489 1270 1524 cum
1283 1476 1312 1524 ad
1323 1479 1420 1525 antrum
1430 1479 1543 1525 οοοίεοίο
1558 1490 1630 1525 cursu
1641 1490 1683 1527 ve·

57 1552 130 1629 μίγα
143 1552 190 1611 καὶ
203 1546 494 1630 πολλὰάίγυπτιόζων,
510 1557 587 1612 αὐτοῦ
607 1577 656 1614 που
671 1555 731 1635 περὶ
746 1555 776 1613 τὸ
788 1555 850 1614 στό·
895 1564 980 1622 nisset,
998 1562 1127 1624 desiliens,
1145 1564 1242 1626 alisque
1262 1577 1322 1613 voce
1346 1565 1478 1614 inclamans
1498 1568 1523 1614 et
1545 1565 1684 1626 AEgypliaee

60 1663 120 1717 μιον
138 1641 254 1721 ἐντυχών
274 1665 325 1699 τινι
340 1640 479 1713 Ἑλληνίδι
499 1642 651 1722 τῇγλόνττῃ
672 1650 849 1726 προσρθεγγο·
895 1652 1683 1716 meritaproterens,uteircaosipsumoltendilquamdam,quae

23 1747 47 1786 ts
61 1728 142 1808 μείη,
155 1730 209 1788 εἶπδ
227 1733 274 1799 τῆς
295 1734 384 1809 φωνῆς
398 1733 439 1788 ἐπ’
454 1731 535 1801 αὐτὴν
557 1733 774 1812 χειραγωγηθεὶς,
789 1736 849 1792 ίπι-
896 1739 963 1788 illum
976 1742 1061 1791 Graeee
1073 1740 1251 1803 alloquebatur,
1263 1755 1294 1790 ex
1306 1755 1366 1790 soce
1381 1741 1412 1790 ad
1427 1742 1493 1790 illam
1506 1741 1632 1800 deductus,
1645 1741 1682 1790 in·

63 1816 154 1876 ίαλλει
165 1841 193 1876 τε
206 1821 349 1898 τῇκεραλιῖΙ
360 1819 408 1887 τὴν
420 1818 497 1876 λαιὰν
508 1821 584 1898 χεῖρα
596 1820 641 1879 καί
653 1821 696 1879 διὰ
710 1825 761 1880 τῶν
774 1822 850 1902 στέρ-
892 1828 945 1892 jicit
955 1830 1026 1893 capili
1042 1829 1161 1881 sinistrum
1172 1843 1272 1880 uranum
1285 1833 1309 1881 et
1322 1832 1406 1894 pectus
1416 1830 1624 1893 justsmammam
1635 1830 1682 1894 με·

65 1904 197 1986 νωνπαρδ
212 1907 257 1965 τδν
273 1908 355 1982 μαζὸν
370 1908 475 1966 ἐλαύνει
487 1907 607 1986 τὀξίρος.
894 1919 935 1968 dio
948 1920 1047 1982 trajicit.

105 1994 172 2055 Μ’.
199 1996 288 2067 Καὶὴ
313 1995 361 2072 μὲν
381 1995 466 2053 ἔκειτο
495 2000 613 2074 πικρῶς,
629 1998 739 2057 ἐλεεινόν
754 1998 776 2055 θ’
794 1999 849 2073 ἅμα
926 2010 1014 2057 xxxi.
1028 2010 1106 2070 Atque
1123 2006 1175 2057 boec
1191 2006 1290 2069 quidem
1307 2007 1413 2055 bectam
1428 2006 1489 2055 tristi
1504 2006 1683 2068 modoiacebat

74 2080 112 2141 rai
126 2081 236 2165 ἔσχατον
251 2083 409 2161 κωκύσασα,
422 2087 436 2143 θ
451 2082 474 2142 δ’
485 2083 643 2163 ἀναδραμὼν
657 2087 702 2143 καὶ
716 2086 760 2143 τὸν
775 2086 849 2145 οὐδὸν
896 2095 1024 2145 miserabili
1038 2099 1063 2145 et
1074 2097 1161 2145 ultimo
1170 2095 1261 2156 ejulatn
1276 2094 1349 2144 edito.
1383 2096 1426 2144 lile
1435 2096 1516 2144 autem
1529 2109 1584 2143 cum
1594 2108 1683 2143 excur-

10 2174 13 2189 '
49 2170 204 2250 ειίπαγαχὼν
219 2174 265 2231 καὶ
285 2178 349 2252 χοῦν
361 2172 447 2249 ὀλίγον
469 2170 630 2254 ἐπερορήσας
645 2173 789 2241 καὶ,Ταῦτοί
807 2198 849 2236 σοι
896 2185 965 2233 risset
981 2186 1005 2234 et
1023 2183 1096 2233 limen
1115 2183 1239 2233 clausisset
1255 2183 1427 2246 tumulumque
1444 2183 1595 2246 eliquantum
1610 2196 1682 2231 aceu-

82 2256 179 2339 rirrsp'
205 2263 282 2336 ἡμῶν
303 2260 419 2341 νυμρεκδ
444 2262 516 2342 δῶρα
541 2262 587 2320 σὺν
611 2261 735 2341 δοίκρυσιν
756 2263 847 2344 εἰπὼν,
896 2273 1018 2333 mutasset,
1029 2284 1085 2320 cum
1097 2270 1201 2320 lacrimis
1212 2273 1236 2321 et
1244 2271 1280 2320 iris
1288 2270 1377 2331 serbis,
1388 2273 1446 2320 llaec
1457 2270 1604 2320 tibianobis
1613 2283 1684 2333 spon·

84 2345 150 2406 ίιότε
161 2349 191 2407 εδ
212 2349 301 2429 σκόρη
314 2349 526 2427 παραγενόμενος
538 2351 597 2418 τούς
610 2351 634 2408 τ’
653 2350 747 2419 ἄλλους
760 2376 850 2412 κατα·
895 2361 954 2409 salia
967 2359 1031 2409 dona
1048 2360 1149 2420 dantur3
1168 2359 1198 2408 ad
1223 2358 1318 2420 navigia
1337 2359 1494 2421 perveniens,
1513 2358 1572 2407 alios
1587 2358 1684 2420 quidem

84 2431 190 2509 λαμόόνεε
211 2437 329 2515 δρασμὸν
353 2435 403 2508 ἤδη
423 2437 611 2515 βουλεύοντας,
635 2443 687 2498 τῶν
711 2441 846 2518 πολεμίων
896 2449 976 2510 lugam
991 2447 1108 2497 adornare
1120 2446 1291 2510 deprehendit,
1308 2461 1364 2496 cum
1376 2447 1427 2509 jsrn
1442 2447 1523 2496 liostes
1538 2461 1569 2497 ex
1585 2448 1683 2510 propiu-

84 2519 169 2597 iptio
190 2523 341 2605 θρωμίνων,
365 2524 408 2582 τόν
424 2548 452 2583 τε
473 2526 622 2606 Θίρμουθιν
636 2527 735 2600 ἥκοντα
759 2530 805 2588 καί
821 2530 849 2588 τὸ
895 2549 944 2598 quo
952 2536 1156 2599 conspicerentur,
1163 2535 1333 2585 'l'lrermutirim
1344 2549 1401 2584 sero
1413 2535 1493 2585 venire
1503 2538 1527 2585 et
1539 2535 1683 2585 sacrificiunt

55 2606 156 2685 abdo
166 2612 848 2695 μεταχειριζόμενον-καίτδνμδνλοιδορησόμενος,
895 2624 1016 2674 inchoare.
1050 2627 1080 2674 nt
1094 2625 1141 2675 boe
1156 2625 1255 2687 quidem
1268 2637 1324 2673 enm
1338 2623 1452 2673 conviciis
1465 2623 1603 2686 objurgato,
1618 2623 1683 2686 quod

10 2746 21 2789 Ι.
81 2694 150 2757 θοόν
160 2703 250 2774 τε,όνς
264 2700 525 2780 ίρθητδκόλλιστον
544 2703 715 2782 ἱερουργήσας
726 2704 848 2779 θυμάτων
895 2727 953 2763 sse
971 2713 1021 2775 jam
1039 2714 1096 2763 ante
1114 2713 1464 2776 pulcirerrimum'sacritieium
1483 2713 1573 2762 lectum
1596 2715 1683 2774 essset,

73 2779 188 2847 Ῑῐιόαίνει
201 2788 231 2847 τί
250 2811 298 2847 τον
313 2788 429 2868 σκύφους
448 2789 524 2855 αὐτὸς
545 2790 591 2848 καὶ
612 2789 787 2869 θΘόρμουθις
804 2791 849 2849 καλ
895 2801 1033 2851 conscendit
1046 2803 1095 2864 ipse
1108 2802 1220 2864 scaptiam
1235 2800 1365 2864 quamdam
1377 2814 1434 2850 cum
1443 2801 1627 2861 Tberrnutiii,et
1637 2805 1683 2851 ler-

10 2868 12 2873 ’
70 2871 179 2945 ‘vissei
198 2876 301 2956 ἕρίτης.
345 2878 387 2938 Ob
407 2877 459 2957 γὰρ
472 2877 595 2944 πλείονας
609 2868 651 2936 οἶαί
674 2901 701 2936 τε
718 2878 804 2955 ρίρειν
817 2879 849 2936 τδι
895 2891 929 2939 tio
940 2891 1036 2952 remige.
1069 2891 1682 2952 llequeenimpiuresterrepossuntnavigis,qui·

67 2949 171 3031 λιιενιιῑα
182 2964 273 3045 σκόρη
290 2964 344 3023 ἀπὸ
366 2964 446 3042 μόνου
463 2964 542 3033 ξύλου
559 2968 605 3023 καὶ
620 2965 736 3043 πρέμνον
750 2966 850 3046 παχέος
897 2977 941 3026 bus
950 2978 975 3026 in
986 2976 1085 3027 lacubus
1096 2976 1248 3038 navigantur,
1263 2991 1293 3025 ex
1306 2977 1369 3038 ligno
1381 2952 1549 3025 iantummodo
1559 2981 1583 3024 et
1597 2981 1682 3025 trunco

29 3040 122 3116 “ftis
133 3054 314 3135 όχρσικότερσν
333 3053 527 3129 κσιλαινόμενα.
553 3053 715 3133 Συναπαίρει
734 3052 761 3112 δὲ
777 3055 849 3114 καὶὸ
896 3077 945 3112 οπο
955 3076 1035 3112 crasso
1046 3063 1164 3124 agrestius
1175 3066 1301 3112 excavata.
1334 3064 1412 3112 solvil
1426 3063 1532 3113 simulet
1547 3065 1684 3125 Tlieogenes

64 3127 195 3218 θῑογίνης
210 3142 268 3220 ἅμα
285 3145 323 3223 τῷ
346 3142 474 3220 Κνήμωνι
494 3141 551 3202 καθ’
576 3140 662 3222 ἕτερον
685 3142 783 3223 σκάρος
805 3144 849 3202 καλ
895 3166 952 3202 curu
962 3156 1084 3203 cnemone
1094 3153 1118 3201 in
1128 3151 1204 3200 altero
1216 3152 1309 3213 navigio
1316 3152 1419 3214 ,eadem
1433 3153 1525 3200 ratione
1535 3152 1595 3201 alius
1603 3153 1626 3200 in
1636 3152 1683 3201 alia

65 3216 213 3298 ἄλλοςκοὲ
224 3230 290 3290 ἄλλο
302 3238 444 3312 πορθμεῖον
457 3233 501 3289 καὶ
514 3230 595 3297 σύτως
605 3230 729 3298 ἅπαντες.
772 3231 849 3293 Ἐπεὶ
896 3240 984 3304 cymbs
995 3244 1069 3303 atque
1077 3240 1111 3289 its
1120 3239 1232 3302 deinceps
1241 3239 1326 3301 reliqui
1336 3252 1427 3288 omnes.
1462 3242 1590 3301 Postquam
1599 3243 1681 3289 autem

63 3300 152 3391 δὲ’τῆς
161 3319 244 3393 νόσον
256 3317 352 3400 μικρὸν
366 3318 462 3378 ἄποθεν
478 3318 588 3399 όραντες
599 3318 644 3377 καὶ
656 3320 850 3398 περιπλεύσαν-
896 3330 995 3395 protecti
1008 3342 1056 3379 non
1073 3328 1157 3391 procul
1177 3329 1208 3377 ab
1224 3328 1315 3388 insule,
1336 3328 1568 3389 circumnavigantes
1586 3330 1681 3392 potins,

63 3412 107 3469 ¹¹<
117 3410 218 3483 pullos
231 3406 249 3478 ἢ
260 3406 483 3478 ἀποπλεύσαντες,
497 3406 609 3487 ίπίσχσν
622 3406 670 3477 τλν
684 3406 787 3487 ίρεσίαν
802 3408 848 3466 καὶ
895 3434 970 3484 quam
979 3420 1004 3469 in
1013 3420 1089 3469 altum
1100 3418 1241 3480 navigantes
1249 3416 1411 3465 cohibuerunt
1420 3414 1544 3475 remigium
1555 3418 1580 3464 et
1590 3415 1684 3476 usvigia

17 3480 99 3547 ἢ
119 3494 208 3577 σκόρη
221 3494 356 3555 διίταττον
376 3495 420 3555 ἐπὶ
440 3495 578 3572 μέτωπον,
600 3499 636 3562 όνς
659 3495 768 3553 ἐναντίοι
792 3495 850 3564 τοὺς
895 3508 1046 3559 instruebant
1063 3507 1088 3557 in
1103 3507 1196 3565 fronte,
1217 3508 1332 3567 tanquam
1347 3503 1453 3553 liostiunr
1467 3502 1584 3564 impetum
1598 3517 1629 3552 er
1643 3504 1685 3553 ad·

63 3582 202 3662 1ολιμίονς
212 3583 360 3660 δεξόμενοι,
374 3581 577 3653 πλησιάσαντας
588 3583 675 3660 μόνον,
690 3583 768 3663 [καὶ]
782 3584 849 3659 μηδὲ
895 3611 965 3647 verso
975 3596 1114 3660 excepturi,
1128 3596 1347 3658 appropinquantes
1353 3591 1537 3651 tantummodo,
1548 3605 1628 3654 neque
1639 3606 1684 3642 un·

63 3662 98 3724 ἦ
109 3674 191 3752 ῥόθιον
210 3671 396 3751 θπενεγκόντες
414 3674 438 3730 οἱ
455 3669 502 3746 μὲν
521 3670 598 3730 ἄλλοι
621 3672 718 3739 πάντες
741 3675 806 3748 ὁμοῦ
827 3672 850 3731 τ’
872 3716 875 3751 ,
896 3684 981 3733 darum
993 3685 1110 3747 impetum
1125 3683 1285 3741 sustinentes,
1300 3681 1384 3743 reliqui
1394 3694 1478 3730 omnes
1488 3680 1634 3742 simulatque
1646 3681 1683 3729 ri·

65 3739 132 3817 ἆδνε
153 3762 199 3821 καλ
222 3760 347 3843 ipsoque,
368 3758 428 3819 οὐδὲ
450 3759 494 3817 τὸν
516 3758 634 3820 ίνυοίλιον
654 3758 717 3818 ἔνιοι
741 3759 849 3817 κέλαδον
873 3756 875 3767 '
896 3772 983 3821 derunt
994 3771 1075 3821 hostes
1083 3773 1147 3821 illico
1161 3771 1298 3833 fugiebant,
1314 3772 1342 3819 ut
1357 3783 1387 3819 ne
1399 3770 1505 3831 primurn
1522 3769 1619 3830 quidem
1633 3769 1683 3818 cla·

66 3838 248 3928 humi·
261 3849 414 3929 ὑπεχώρουν
425 3847 453 3907 δὲ
463 3849 598 3926 &tilius
606 3872 633 3906 τε
642 3850 687 3907 καὶ
698 3851 712 3906 δ
725 3846 849 3925 Κνήμων,
896 3874 989 3910 morem
998 3863 1023 3910 et
1031 3861 1157 3922 strepitum
1167 3860 1223 3910 belli
1235 3857 1385 3921 pertulerint.
1418 3857 1577 3907 Discedebant
1587 3871 1685 3920 quoque

22 3928 101 3988 “itis
118 3936 177 4015 πρδς
195 3936 240 3995 τδν
262 3937 343 4018 ρόδον
362 3937 392 3997 rb
413 3935 494 3994 πλόον
508 3938 634 4002 ἐνδόντες.
679 3935 765 4003 Μόνος
785 3935 812 3996 δὲ
836 3942 850 3997 ὁ
896 3949 984 4001 sensim
997 3963 1026 4000 es
1045 3961 1123 4013 pugna
1143 3950 1282 4010 Tbeagenes
1300 3950 1324 3996 et
1340 3950 1463 4005 cnemon,
1480 3959 1528 3994 non
1548 3945 1579 3994 ob
1592 3948 1684 3996 metum

70 4018 172 4102 θθσμις
183 4025 214 4085 τδ
222 4025 270 4103 μίν
282 4048 309 4084 τι
322 4024 370 4097 τὴν
388 4025 472 4105 puple
488 4023 551 4094 ἴσως
563 4025 766 4106 αἰσχυνόμενος,
780 4024 850 4105 τύχα
896 4041 1016 4102 precipue
1029 4041 1095 4100 terga
1112 4036 1205 4088 dantes.
1238 4036 1310 4086 solus
1324 4035 1454 4096 'llrysmis,
1472 4035 1553 4096 lugere
1564 4035 1608 4084 sibi
1621 4034 1685 4084 indi-

76 4106 105 4167 θί
121 4134 168 4171 τοι
184 4112 230 4173 καὶ
252 4104 320 4173 εἶναι
340 4113 409 4191 μετὰ
424 4113 586 4194 Χαρίκλειαν
609 4115 656 4173 ets
679 4113 849 4192 ἀνεχόμενος,
896 4141 971 4190 gnum
986 4128 1085 4177 tortasse
1099 4129 1179 4188 ratus,
1197 4127 1241 4176 aut
1254 4125 1353 4175 tornes
1369 4123 1500 4174 Ctraricteae
1515 4137 1546 4172 ne
1566 4126 1686 4186 superstes

80 4196 189 4259 titinio
199 4203 290 4262 ίαοτδν
304 4210 358 4268 ταῖς
371 4202 516 4279 πολεμίοις.
897 4217 973 4276 esset,
986 4214 1086 4264 immisit
1096 4228 1148 4265 sesa
1158 4216 1183 4264 in
1196 4214 1315 4263 consertos
1330 4214 1417 4262 hostes.

123 4287 181 4349 ἡδ’.
201 4288 273 4362 Ἤδη
299 4291 322 4351 δ’
345 4293 382 4357 εἰς
404 4295 497 4370 χεῖρας
519 4289 622 4362 ἰόντων,
647 4288 775 4362 ἀνεύόησί
797 4314 849 4364 τις,
929 4303 1026 4352 llllllll.
1040 4301 1212 4363 cumqusjam
1225 4305 1323 4351 ventum
1336 4304 1398 4351 esset
1410 4300 1685 4361 admanus,eseiama·

56 4362 164 4440 ῑθθτκ
174 4377 287 4448 ίκεῖνοςό
305 4378 428 4457 Θύαμις·
440 4376 572 4459 ρυλόττου
584 4386 646 4443 πᾶς.
691 4376 745 4438 itai
760 4402 850 4459 παρα·
896 4392 931 4441 vit
940 4391 1038 4454 quidam
1052 4406 1058 4438 ι
1073 4391 1117 4441 llic
1128 4393 1165 4440 est
1173 4390 1214 4439 ille
1224 4391 1354 4452 Thyamim
1369 4391 1476 4440 intentus
1487 4390 1518 4438 sit
1531 4389 1554 4437 in
1566 4402 1623 4438 eum
1633 4389 1684 4449 qui·

96 4462 304 4549 tf'lltttbosdpq
318 4467 383 4547 πρὸς
396 4467 492 4526 κύκλον
510 4457 809 4546 ίπιστρίθοντες,εἷχον
823 4471 850 4527 tv
896 4481 962 4532 libet.
992 4478 1312 4543 ltaquerepenteinorbem
1324 4480 1444 4529 conversis
1457 4478 1573 4540 navigiis,
1588 4476 1683 4525 conclu·

106 4544 170 4624 ihi·
200 4554 249 4614 Τοῦ
273 4555 296 4614 δ’
311 4554 477 4632 &sumptim
498 4553 544 4612 καλ
562 4557 600 4632 τῷ
621 4555 711 4633 δόρατι
729 4555 789 4620 τοὺς
804 4555 851 4630 μὲν
896 4583 951 4619 sum
961 4582 1016 4618 eum
1027 4567 1141 4618 tenebant
1152 4567 1176 4616 in
1189 4566 1276 4617 medio.
1309 4569 1341 4616 At
1355 4567 1395 4616 illo
1410 4570 1508 4616 strenue
1520 4565 1648 4614 dimicante
1659 4567 1685 4615 et

111 4628 222 4710 W
232 4642 288 4711 τοθς
299 4645 323 4702 δ’
334 4644 483 4714 ἀνελόντος,
494 4641 626 4718 θαύματος
644 4633 677 4712 ἦν
687 4642 808 4700 ἐπέκεινα
822 4643 852 4701 τὸ
896 4659 955 4707 allos
969 4658 1121 4717 vulnerante,
1136 4656 1196 4705 allos
1216 4655 1389 4712 interficiente,
1404 4654 1500 4716 dignum
1516 4657 1567 4702 erat
1580 4652 1683 4702 admire-

114 4719 233 4797 musi,
272 4724 317 4800 Εἷς
333 4731 384 4810 γθρ
399 4732 482 4798 οὐδεὶς
499 4730 569 4812 ξίφος
593 4728 646 4788 οὔτ’
660 4729 782 4804 ἔθαλλεν,
797 4728 851 4789 οὔτ’
897 4747 962 4796 tione
976 4747 1000 4795 id
1014 4745 1078 4808 qued
1098 4744 1210 4806 deinceps
1232 4743 1312 4793 tiebat.
1345 4742 1498 4792 Nemoenim
1512 4745 1622 4792 tantoex
1637 4754 1684 4790 nu·

93 4804 240 4883 'wem'
252 4819 354 4880 ἅπασαν
366 4821 475 4887 istim<
485 4818 632 4900 stceqtprso
641 4816 756 4888 σπουδὴν
768 4821 852 4886 ζῶντα
898 4848 965 4885 mero
978 4834 1085 4897 gladium
1100 4834 1137 4882 uel
1152 4831 1294 4893 dejiciebat,
1318 4832 1354 4880 vel
1373 4830 1506 4890 educebat,
1525 4831 1566 4879 sed
1583 4830 1685 4893 quilibet

120 4888 190 4955 δάϊ’·
222 4901 252 4965 Ὃ
265 4909 287 4965 δ’
306 4910 424 4989 ἀντεῖχεν
440 4908 625 4980 militm,
639 4906 687 4973 i'issi
701 4907 851 4987 ἀφαιρεῖταί
898 4924 964 4973 omni
975 4922 1055 4973 studio
1066 4921 1229 4981 annitebatur,
1239 4923 1266 4969 ut
1278 4921 1361 4968 vivum
1374 4931 1458 4980 capere
1468 4920 1554 4981 posset.
1587 4919 1680 4969 llleau·

10 4990 16 5011 ²
122 4972 193 5047 Μ
203 4989 292 5071 ⁸0'iiiiii
302 4999 428 5058 πλειόνων
442 4997 499 5075 ἅμα
512 4996 721 5073 humiditati,
733 4994 852 5053 ἆπθὸἄλ
898 5017 947 5063 tem
959 5012 1000 5062 dtu
1010 5012 1140 5062 admodum
1150 5011 1313 5075 repugnabat,
1326 5010 1367 5060 sed
1377 5010 1475 5060 tandem
1487 5012 1596 5072 privatur
1606 5012 1683 5074 busta,

13 5074 16 5085 '
161 5067 227 5135 θεολ
235 5080 273 5141 τόν
288 5087 454 5160 ύπασπιστὴν
474 5090 602 5166 λαμπρῶς
617 5086 664 5162 μὲν
676 5083 851 5163 σοναγωνῑσᾶ·
898 5114 955 5150 cnm
966 5101 1039 5151 simul
1051 5114 1106 5152 eom
1117 5100 1198 5164 plures
1210 5100 1353 5151 obruissent.
1388 5100 1482 5151 enituit
1493 5103 1517 5151 et
1528 5101 1682 5163 armigerum,

125 5165 325 5242 mtpsopeetqq
332 5178 354 5234 δ’
368 5177 459 5256 ὥσπερ
468 5177 551 5235 ἐδόκει
563 5175 671 5254 καιρίως
680 5173 851 5253 Υῑγῑνημθίθν
897 5191 940 5254 qut
952 5190 1066 5254 praeclare
1075 5189 1172 5253 quidem
1190 5190 1258 5240 illum
1276 5190 1419 5253 adimerat,
1431 5188 1473 5240 sed
1488 5190 1552 5241 letali
1570 5191 1683 5252 vulnere,
