<?xml version="1.0" encoding="UTF-8"?>
<!DOCTYPE html PUBLIC "-//W3C//DTD XHTML 1.0 Transitional//EN"
    "http://www.w3.org/TR/xhtml1/DTD/xhtml1-transitional.dtd">
<html xmlns="http://www.w3.org/1999/xhtml" xml:lang="en" lang="en">
 <head>
  <title>
</title>
<meta http-equiv="Content-Type" content="text/html;charset=utf-8" />
  <meta name='ocr-system' content='tesseract 3.04.00' />
  <meta name='ocr-capabilities' content='ocr_page ocr_carea ocr_par ocr_line ocrx_word'/>
</head>
<body>
  <div class='ocr_page' id='page_1' title='image "./eroticiscriptor00hirsgoog_0389.png"; bbox 0 0 3726 5692; ppageno 0'>
   <div class='ocr_carea' id='block_1_1' title="bbox 168 290 1245 371">
    <p class='ocr_par' dir='ltr' id='par_1_1' title="bbox 168 290 1245 371">
     <span class='ocr_line' id='line_1_1' title="bbox 168 290 1245 371; baseline 0 -1"><span class='ocrx_word' id='word_1_1' title='bbox 168 323 223 371; x_wconf 73' lang='lat' dir='ltr'>asa</span> <span class='ocrx_word' id='word_1_2' title='bbox 276 290 278 295; x_wconf 74' lang='grc'>’</span> <span class='ocrx_word' id='word_1_3' title='bbox 703 310 914 371; x_wconf 81' lang='lat' dir='ltr'><strong>nncronom</strong></span> <span class='ocrx_word' id='word_1_4' title='bbox 940 311 1245 371; x_wconf 76' lang='lat' dir='ltr'><strong>mrummconuu</strong></span> 
     </span>
    </p>
   </div>
   <div class='ocr_carea' id='block_1_2' title="bbox 114 432 974 2559">
    <p class='ocr_par' dir='ltr' id='par_1_2' title="bbox 114 432 974 2559">
     <span class='ocr_line' id='line_1_2' title="bbox 165 432 950 519; baseline -0.003 -18"><span class='ocrx_word' id='word_1_5' title='bbox 165 444 221 519; x_wconf 80' lang='grc' dir='ltr'>ἅμα</span> <span class='ocrx_word' id='word_1_6' title='bbox 236 442 298 519; x_wconf 80' lang='grc' dir='ltr'>πρὸς</span> <span class='ocrx_word' id='word_1_7' title='bbox 313 440 360 512; x_wconf 79' lang='grc' dir='ltr'>τὴν</span> <span class='ocrx_word' id='word_1_8' title='bbox 385 440 507 513; x_wconf 82' lang='grc' dir='ltr'>Κυόίλην</span> <span class='ocrx_word' id='word_1_9' title='bbox 529 440 672 516; x_wconf 78' lang='grc' dir='ltr'>μεταστάς,</span> <span class='ocrx_word' id='word_1_10' title='bbox 687 440 863 519; x_wconf 81' lang='grc' dir='ltr'>Ἀπάγγελλε,</span> <span class='ocrx_word' id='word_1_11' title='bbox 879 432 950 514; x_wconf 77' lang='grc' dir='ltr'>είπε,</span> 
     </span>
     <span class='ocr_line' id='line_1_3' title="bbox 164 528 950 610; baseline 0.001 -23"><span class='ocrx_word' id='word_1_12' title='bbox 164 537 197 610; x_wconf 78' lang='grc' dir='ltr'>τῇ</span> <span class='ocrx_word' id='word_1_13' title='bbox 216 529 337 609; x_wconf 78' lang='grc' dir='ltr'>δεσποίνῃ</span> <span class='ocrx_word' id='word_1_14' title='bbox 355 528 494 608; x_wconf 88' lang='grc' dir='ltr'>βούλεσθαί</span> <span class='ocrx_word' id='word_1_15' title='bbox 514 552 547 605; x_wconf 88' lang='grc' dir='ltr'>με</span> <span class='ocrx_word' id='word_1_16' title='bbox 570 530 635 606; x_wconf 80' lang='grc' dir='ltr'>μόνη</span> <span class='ocrx_word' id='word_1_17' title='bbox 661 530 706 587; x_wconf 83' lang='grc' dir='ltr'>καί</span> <span class='ocrx_word' id='word_1_18' title='bbox 722 530 774 609; x_wconf 76' lang='grc' dir='ltr'>ίδίαγ</span> <span class='ocrx_word' id='word_1_19' title='bbox 789 533 841 588; x_wconf 89' lang='grc' dir='ltr'>τῶν</span> <span class='ocrx_word' id='word_1_20' title='bbox 864 532 950 589; x_wconf 85' lang='grc' dir='ltr'>ἄλλων</span> 
     </span>
     <span class='ocr_line' id='line_1_4' title="bbox 165 621 289 697; baseline -0.008 -19"><span class='ocrx_word' id='word_1_21' title='bbox 165 621 289 697; x_wconf 78' lang='grc' dir='ltr'>ἐντυχεῖν.</span> 
     </span>
     <span class='ocr_line' id='line_1_5' title="bbox 206 695 951 784; baseline -0.007 -17"><span class='ocrx_word' id='word_1_22' title='bbox 206 707 280 783; x_wconf 67' lang='lat' dir='ltr'>KG.</span> <span class='ocrx_word' id='word_1_23' title='bbox 300 708 382 766; x_wconf 81' lang='grc' dir='ltr'>Τοῦτ’</span> <span class='ocrx_word' id='word_1_24' title='bbox 398 706 480 763; x_wconf 77' lang='grc' dir='ltr'>ἐκεῖνο</span> <span class='ocrx_word' id='word_1_25' title='bbox 491 704 622 780; x_wconf 73' lang='grc' dir='ltr'>νομίσασα</span> <span class='ocrx_word' id='word_1_26' title='bbox 639 695 704 763; x_wconf 77' lang='grc' dir='ltr'>εἶναι</span> <span class='ocrx_word' id='word_1_27' title='bbox 716 709 733 775; x_wconf 76' lang='grc' dir='ltr'>ἡ</span> <span class='ocrx_word' id='word_1_28' title='bbox 746 705 886 784; x_wconf 79' lang='grc' dir='ltr'>πρεσόθτις</span> <span class='ocrx_word' id='word_1_29' title='bbox 905 705 951 763; x_wconf 86' lang='grc' dir='ltr'>καί</span> 
     </span>
     <span class='ocr_line' id='line_1_6' title="bbox 140 792 950 873; baseline -0.005 -19"><span class='ocrx_word' id='word_1_30' title='bbox 140 793 384 854; x_wconf 75' lang='grc' dir='ltr'>σθπσπεπτωκίναι</span> <span class='ocrx_word' id='word_1_31' title='bbox 400 793 443 851; x_wconf 80' lang='grc' dir='ltr'>τὸν</span> <span class='ocrx_word' id='word_1_32' title='bbox 457 792 610 873; x_wconf 66' lang='grc' dir='ltr'>Θεαγένην,</span> <span class='ocrx_word' id='word_1_33' title='bbox 625 793 769 870; x_wconf 80' lang='grc' dir='ltr'>ἀπήγγειλέ</span> <span class='ocrx_word' id='word_1_34' title='bbox 784 817 811 850; x_wconf 85' lang='grc' dir='ltr'>τε</span> <span class='ocrx_word' id='word_1_35' title='bbox 826 793 889 872; x_wconf 85' lang='grc' dir='ltr'>πρὸς</span> <span class='ocrx_word' id='word_1_36' title='bbox 902 792 950 865; x_wconf 78' lang='grc' dir='ltr'>τὴν</span> 
     </span>
     <span class='ocr_line' id='line_1_7' title="bbox 164 880 949 964; baseline -0.004 -22"><span class='ocrx_word' id='word_1_37' title='bbox 164 882 293 964; x_wconf 76' lang='grc' dir='ltr'>Ἀρσάκην</span> <span class='ocrx_word' id='word_1_38' title='bbox 306 881 351 941; x_wconf 82' lang='grc' dir='ltr'>καί</span> <span class='ocrx_word' id='word_1_39' title='bbox 363 880 430 958; x_wconf 82' lang='grc' dir='ltr'>μετὰ</span> <span class='ocrx_word' id='word_1_40' title='bbox 440 882 541 939; x_wconf 88' lang='grc' dir='ltr'>δεῖπνον</span> <span class='ocrx_word' id='word_1_41' title='bbox 556 880 628 958; x_wconf 87' lang='grc' dir='ltr'>ἀγειν</span> <span class='ocrx_word' id='word_1_42' title='bbox 639 880 682 938; x_wconf 80' lang='grc' dir='ltr'>τὸν</span> <span class='ocrx_word' id='word_1_43' title='bbox 690 881 794 938; x_wconf 88' lang='grc' dir='ltr'>νεανίαν</span> <span class='ocrx_word' id='word_1_44' title='bbox 805 881 949 955; x_wconf 87' lang='grc' dir='ltr'>ἀκούσασα,</span> 
     </span>
     <span class='ocr_line' id='line_1_8' title="bbox 165 968 949 1051; baseline -0.005 -21"><span class='ocrx_word' id='word_1_45' title='bbox 165 973 245 1038; x_wconf 78' lang='grc' dir='ltr'>οὕτως</span> <span class='ocrx_word' id='word_1_46' title='bbox 260 971 382 1051; x_wconf 79' lang='grc' dir='ltr'>ἔτραπε.</span> <span class='ocrx_word' id='word_1_47' title='bbox 428 969 483 1030; x_wconf 79' lang='grc' dir='ltr'>Καὶ</span> <span class='ocrx_word' id='word_1_48' title='bbox 497 968 609 1047; x_wconf 79' lang='grc' dir='ltr'>ἡσυχίαν</span> <span class='ocrx_word' id='word_1_49' title='bbox 624 969 814 1049; x_wconf 81' lang='grc' dir='ltr'>παρασχεῖντῇ</span> <span class='ocrx_word' id='word_1_50' title='bbox 827 970 949 1047; x_wconf 78' lang='grc' dir='ltr'>δεσποίνῃ</span> 
     </span>
     <span class='ocr_line' id='line_1_9' title="bbox 164 1056 951 1140; baseline -0.005 -21"><span class='ocrx_word' id='word_1_51' title='bbox 164 1059 222 1125; x_wconf 83' lang='grc' dir='ltr'>τοὺς</span> <span class='ocrx_word' id='word_1_52' title='bbox 232 1062 439 1140; x_wconf 78' lang='grc' dir='ltr'>παρεδρεύοντος</span> <span class='ocrx_word' id='word_1_53' title='bbox 450 1056 597 1116; x_wconf 82' lang='grc' dir='ltr'>κελεύσασα</span> <span class='ocrx_word' id='word_1_54' title='bbox 607 1057 653 1117; x_wconf 84' lang='grc' dir='ltr'>καὶ</span> <span class='ocrx_word' id='word_1_55' title='bbox 664 1057 701 1133; x_wconf 82' lang='grc' dir='ltr'>μὴ</span> <span class='ocrx_word' id='word_1_56' title='bbox 715 1059 887 1137; x_wconf 78' lang='grc' dir='ltr'>παρενοχλεῖν</span> <span class='ocrx_word' id='word_1_57' title='bbox 899 1066 951 1124; x_wconf 87' lang='grc' dir='ltr'>τοῖς</span> 
     </span>
     <span class='ocr_line' id='line_1_10' title="bbox 164 1146 950 1228; baseline -0.004 -21"><span class='ocrx_word' id='word_1_58' title='bbox 164 1151 225 1228; x_wconf 79' lang='grc' dir='ltr'>περὶ</span> <span class='ocrx_word' id='word_1_59' title='bbox 239 1150 282 1208; x_wconf 75' lang='grc' dir='ltr'>τὸν</span> <span class='ocrx_word' id='word_1_60' title='bbox 298 1150 433 1227; x_wconf 82' lang='grc' dir='ltr'>θάλαμον,</span> <span class='ocrx_word' id='word_1_61' title='bbox 449 1152 594 1228; x_wconf 79' lang='grc' dir='ltr'>παρεισῆγε</span> <span class='ocrx_word' id='word_1_62' title='bbox 607 1146 650 1204; x_wconf 86' lang='grc' dir='ltr'>τθν</span> <span class='ocrx_word' id='word_1_63' title='bbox 671 1146 823 1224; x_wconf 75' lang='grc' dir='ltr'>Θεαγένην,</span> <span class='ocrx_word' id='word_1_64' title='bbox 836 1149 888 1204; x_wconf 93' lang='grc' dir='ltr'>τῶν</span> <span class='ocrx_word' id='word_1_65' title='bbox 903 1147 950 1220; x_wconf 86' lang='grc' dir='ltr'>μὲν</span> 
     </span>
     <span class='ocr_line' id='line_1_11' title="bbox 127 1230 951 1316; baseline -0.008 -17"><span class='ocrx_word' id='word_1_66' title='bbox 127 1260 150 1299; x_wconf 85' lang='grc' dir='ltr'>ιο</span> <span class='ocrx_word' id='word_1_67' title='bbox 164 1239 251 1297; x_wconf 88' lang='grc' dir='ltr'>ἀλλων</span> <span class='ocrx_word' id='word_1_68' title='bbox 267 1230 309 1298; x_wconf 77' lang='grc' dir='ltr'>σ’ία</span> <span class='ocrx_word' id='word_1_69' title='bbox 320 1239 352 1308; x_wconf 77' lang='grc' dir='ltr'>δὴ</span> <span class='ocrx_word' id='word_1_70' title='bbox 366 1236 457 1305; x_wconf 79' lang='grc' dir='ltr'>νυκτός</span> <span class='ocrx_word' id='word_1_71' title='bbox 468 1236 520 1295; x_wconf 80' lang='grc' dir='ltr'>ὖπθ</span> <span class='ocrx_word' id='word_1_72' title='bbox 534 1236 640 1304; x_wconf 90' lang='grc' dir='ltr'>σκότους</span> <span class='ocrx_word' id='word_1_73' title='bbox 653 1234 838 1316; x_wconf 72' lang='grc' dir='ltr'>κατεχομένων</span> <span class='ocrx_word' id='word_1_74' title='bbox 852 1235 897 1293; x_wconf 84' lang='grc' dir='ltr'>καῖ</span> <span class='ocrx_word' id='word_1_75' title='bbox 907 1238 951 1293; x_wconf 79' lang='grc' dir='ltr'>λα·</span> 
     </span>
     <span class='ocr_line' id='line_1_12' title="bbox 164 1325 951 1408; baseline -0.003 -22"><span class='ocrx_word' id='word_1_76' title='bbox 164 1333 216 1387; x_wconf 83' lang='grc' dir='ltr'>θεῖν</span> <span class='ocrx_word' id='word_1_77' title='bbox 229 1330 412 1408; x_wconf 77' lang='grc' dir='ltr'>παρεχόντων,</span> <span class='ocrx_word' id='word_1_78' title='bbox 426 1325 504 1402; x_wconf 89' lang='grc' dir='ltr'>μόνον</span> <span class='ocrx_word' id='word_1_79' title='bbox 517 1326 545 1384; x_wconf 82' lang='grc' dir='ltr'>δὲ</span> <span class='ocrx_word' id='word_1_80' title='bbox 556 1327 601 1384; x_wconf 88' lang='grc' dir='ltr'>τὸν</span> <span class='ocrx_word' id='word_1_81' title='bbox 613 1326 730 1403; x_wconf 87' lang='grc' dir='ltr'>θάλαμον</span> <span class='ocrx_word' id='word_1_82' title='bbox 742 1325 838 1404; x_wconf 88' lang='grc' dir='ltr'>λύχνου</span> <span class='ocrx_word' id='word_1_83' title='bbox 852 1349 951 1384; x_wconf 89' lang='grc' dir='ltr'>καταυ-</span> 
     </span>
     <span class='ocr_line' id='line_1_13' title="bbox 164 1413 951 1495; baseline -0.003 -20"><span class='ocrx_word' id='word_1_84' title='bbox 164 1416 299 1495; x_wconf 74' lang='grc' dir='ltr'>γάζοντος,</span> <span class='ocrx_word' id='word_1_85' title='bbox 310 1416 355 1473; x_wconf 85' lang='grc' dir='ltr'>καί</span> <span class='ocrx_word' id='word_1_86' title='bbox 377 1415 519 1491; x_wconf 77' lang='grc' dir='ltr'>εἰσάγουσα</span> <span class='ocrx_word' id='word_1_87' title='bbox 529 1459 536 1490; x_wconf 92' lang='grc'>,</span> <span class='ocrx_word' id='word_1_88' title='bbox 547 1413 705 1472; x_wconf 77' lang='grc' dir='ltr'>ὑπέστελλεν</span> <span class='ocrx_word' id='word_1_89' title='bbox 720 1415 812 1485; x_wconf 76' lang='grc' dir='ltr'>σίντην.</span> <span class='ocrx_word' id='word_1_90' title='bbox 855 1413 925 1473; x_wconf 80' lang='grc' dir='ltr'>Ἀλλ’</span> <span class='ocrx_word' id='word_1_91' title='bbox 937 1419 951 1473; x_wconf 83' lang='grc' dir='ltr'>ό</span> 
     </span>
     <span class='ocr_line' id='line_1_14' title="bbox 163 1493 951 1584; baseline -0.004 -19"><span class='ocrx_word' id='word_1_92' title='bbox 163 1504 298 1580; x_wconf 82' lang='grc' dir='ltr'>Θεαγένης</span> <span class='ocrx_word' id='word_1_93' title='bbox 318 1506 421 1582; x_wconf 84' lang='grc' dir='ltr'>ἐπεῖχε·</span> <span class='ocrx_word' id='word_1_94' title='bbox 436 1503 569 1584; x_wconf 83' lang='grc' dir='ltr'>Παρέστω</span> <span class='ocrx_word' id='word_1_95' title='bbox 581 1502 626 1561; x_wconf 82' lang='grc' dir='ltr'>καί</span> <span class='ocrx_word' id='word_1_96' title='bbox 639 1501 747 1574; x_wconf 81' lang='grc' dir='ltr'>Κυύέλη</span> <span class='ocrx_word' id='word_1_97' title='bbox 761 1502 791 1561; x_wconf 85' lang='grc' dir='ltr'>τὸ</span> <span class='ocrx_word' id='word_1_98' title='bbox 807 1502 908 1581; x_wconf 83' lang='grc' dir='ltr'>παρὸν,</span> <span class='ocrx_word' id='word_1_99' title='bbox 929 1493 951 1562; x_wconf 81' lang='grc' dir='ltr'>ῶ</span> 
     </span>
     <span class='ocr_line' id='line_1_15' title="bbox 163 1582 950 1671; baseline -0.005 -19"><span class='ocrx_word' id='word_1_100' title='bbox 163 1593 304 1666; x_wconf 82' lang='grc' dir='ltr'>δέσποινα,</span> <span class='ocrx_word' id='word_1_101' title='bbox 322 1592 419 1665; x_wconf 84' lang='grc' dir='ltr'>εἰπὼν,</span> <span class='ocrx_word' id='word_1_102' title='bbox 434 1582 482 1650; x_wconf 75' lang='grc' dir='ltr'>οἶδ’</span> <span class='ocrx_word' id='word_1_103' title='bbox 496 1594 530 1654; x_wconf 82' lang='grc' dir='ltr'>ὡς</span> <span class='ocrx_word' id='word_1_104' title='bbox 545 1591 574 1649; x_wconf 80' lang='grc' dir='ltr'>τὸ</span> <span class='ocrx_word' id='word_1_105' title='bbox 597 1591 689 1649; x_wconf 86' lang='grc' dir='ltr'>πιστὸν</span> <span class='ocrx_word' id='word_1_106' title='bbox 704 1590 758 1670; x_wconf 83' lang='grc' dir='ltr'>ἔχει</span> <span class='ocrx_word' id='word_1_107' title='bbox 770 1593 889 1671; x_wconf 75' lang='grc' dir='ltr'>φυλακῆς</span> <span class='ocrx_word' id='word_1_108' title='bbox 900 1595 950 1650; x_wconf 86' lang='grc' dir='ltr'>τῶν</span> 
     </span>
     <span class='ocr_line' id='line_1_16' title="bbox 114 1679 951 1763; baseline -0.005 -21"><span class='ocrx_word' id='word_1_109' title='bbox 114 1704 148 1744; x_wconf 83' lang='lat' dir='ltr'><strong>-ls</strong></span> <span class='ocrx_word' id='word_1_110' title='bbox 164 1681 327 1763; x_wconf 77' lang='grc' dir='ltr'>ἀπορρήτων.</span> <span class='ocrx_word' id='word_1_111' title='bbox 372 1680 426 1742; x_wconf 82' lang='grc' dir='ltr'>Καί</span> <span class='ocrx_word' id='word_1_112' title='bbox 447 1681 503 1757; x_wconf 78' lang='grc' dir='ltr'>ἅμα</span> <span class='ocrx_word' id='word_1_113' title='bbox 519 1684 570 1738; x_wconf 88' lang='grc' dir='ltr'>τῶν</span> <span class='ocrx_word' id='word_1_114' title='bbox 585 1683 680 1761; x_wconf 84' lang='grc' dir='ltr'>χειρῶν</span> <span class='ocrx_word' id='word_1_115' title='bbox 693 1685 740 1751; x_wconf 76' lang='grc' dir='ltr'>τῆς</span> <span class='ocrx_word' id='word_1_116' title='bbox 760 1679 888 1759; x_wconf 80' lang='grc' dir='ltr'>Ἀρσάκης</span> <span class='ocrx_word' id='word_1_117' title='bbox 901 1682 951 1738; x_wconf 87' lang='grc' dir='ltr'>λα-</span> 
     </span>
     <span class='ocr_line' id='line_1_17' title="bbox 163 1759 951 1848; baseline -0.006 -18"><span class='ocrx_word' id='word_1_118' title='bbox 163 1772 272 1848; x_wconf 76' lang='grc' dir='ltr'>θόμενος</span> <span class='ocrx_word' id='word_1_119' title='bbox 281 1817 290 1848; x_wconf 86' lang='grc'>,</span> <span class='ocrx_word' id='word_1_120' title='bbox 299 1759 341 1830; x_wconf 74' lang='grc' dir='ltr'>Ὦ</span> <span class='ocrx_word' id='word_1_121' title='bbox 352 1769 491 1842; x_wconf 80' lang='grc' dir='ltr'>δέσποινα,</span> <span class='ocrx_word' id='word_1_122' title='bbox 505 1767 608 1846; x_wconf 78' lang='grc' dir='ltr'>ἔλεγεν.</span> <span class='ocrx_word' id='word_1_123' title='bbox 622 1766 680 1826; x_wconf 79' lang='grc' dir='ltr'>οὔτε</span> <span class='ocrx_word' id='word_1_124' title='bbox 692 1767 816 1848; x_wconf 88' lang='grc' dir='ltr'>πρότερον</span> <span class='ocrx_word' id='word_1_125' title='bbox 830 1773 951 1827; x_wconf 87' lang='grc' dir='ltr'>ἀπαυθα-</span> 
     </span>
     <span class='ocr_line' id='line_1_18' title="bbox 163 1855 949 1939; baseline -0.005 -20"><span class='ocrx_word' id='word_1_126' title='bbox 163 1859 312 1936; x_wconf 79' lang='grc' dir='ltr'>όιαζόμενσς</span> <span class='ocrx_word' id='word_1_127' title='bbox 324 1859 388 1939; x_wconf 85' lang='grc' dir='ltr'>πρὸς</span> <span class='ocrx_word' id='word_1_128' title='bbox 401 1858 430 1916; x_wconf 79' lang='grc' dir='ltr'>τό</span> <span class='ocrx_word' id='word_1_129' title='bbox 447 1857 570 1935; x_wconf 85' lang='grc' dir='ltr'>βούλημα</span> <span class='ocrx_word' id='word_1_130' title='bbox 583 1856 613 1914; x_wconf 80' lang='grc' dir='ltr'>τὸ</span> <span class='ocrx_word' id='word_1_131' title='bbox 628 1855 671 1914; x_wconf 86' lang='grc' dir='ltr'>σθν</span> <span class='ocrx_word' id='word_1_132' title='bbox 691 1857 851 1937; x_wconf 76' lang='grc' dir='ltr'>ὑπερεθέμην</span> <span class='ocrx_word' id='word_1_133' title='bbox 864 1857 893 1916; x_wconf 81' lang='grc' dir='ltr'>τὸ</span> <span class='ocrx_word' id='word_1_134' title='bbox 907 1881 949 1917; x_wconf 79' lang='grc' dir='ltr'>κε·</span> 
     </span>
     <span class='ocr_line' id='line_1_19' title="bbox 162 1945 951 2026; baseline -0.003 -18"><span class='ocrx_word' id='word_1_135' title='bbox 162 1949 315 2026; x_wconf 87' lang='grc' dir='ltr'>λευόμιενον,</span> <span class='ocrx_word' id='word_1_136' title='bbox 329 1947 397 2006; x_wconf 76' lang='grc' dir='ltr'>ἀλλά</span> <span class='ocrx_word' id='word_1_137' title='bbox 408 1950 463 2012; x_wconf 84' lang='grc' dir='ltr'>πῶς</span> <span class='ocrx_word' id='word_1_138' title='bbox 473 1946 503 2004; x_wconf 80' lang='grc' dir='ltr'>ἀν</span> <span class='ocrx_word' id='word_1_139' title='bbox 515 1948 638 2026; x_wconf 76' lang='grc' dir='ltr'>ἀσφαλῶς</span> <span class='ocrx_word' id='word_1_140' title='bbox 647 1945 745 2024; x_wconf 80' lang='grc' dir='ltr'>γένοιτο</span> <span class='ocrx_word' id='word_1_141' title='bbox 759 1948 951 2026; x_wconf 89' lang='grc' dir='ltr'>πρυτανευόμε-</span> 
     </span>
     <span class='ocr_line' id='line_1_20' title="bbox 162 2034 950 2114; baseline -0.005 -16"><span class='ocrx_word' id='word_1_142' title='bbox 162 2062 217 2112; x_wconf 88' lang='grc' dir='ltr'>νος,</span> <span class='ocrx_word' id='word_1_143' title='bbox 232 2047 275 2098; x_wconf 81' lang='grc' dir='ltr'>νῦν</span> <span class='ocrx_word' id='word_1_144' title='bbox 288 2039 331 2114; x_wconf 77' lang='grc' dir='ltr'>δὲ,</span> <span class='ocrx_word' id='word_1_145' title='bbox 344 2037 435 2107; x_wconf 79' lang='grc' dir='ltr'>ἐπειδή</span> <span class='ocrx_word' id='word_1_146' title='bbox 451 2059 483 2110; x_wconf 90' lang='grc' dir='ltr'>με</span> <span class='ocrx_word' id='word_1_147' title='bbox 498 2034 543 2093; x_wconf 84' lang='grc' dir='ltr'>καὶ</span> <span class='ocrx_word' id='word_1_148' title='bbox 554 2036 645 2093; x_wconf 76' lang='grc' dir='ltr'>δοδλον</span> <span class='ocrx_word' id='word_1_149' title='bbox 657 2034 727 2114; x_wconf 84' lang='grc' dir='ltr'>τάχα</span> <span class='ocrx_word' id='word_1_150' title='bbox 739 2037 826 2101; x_wconf 89' lang='grc' dir='ltr'>καλῶς</span> <span class='ocrx_word' id='word_1_151' title='bbox 839 2041 950 2094; x_wconf 84' lang='grc' dir='ltr'>ποιοῦσα</span> 
     </span>
     <span class='ocr_line' id='line_1_21' title="bbox 124 2121 949 2206; baseline 0.001 -21"><span class='ocrx_word' id='word_1_152' title='bbox 124 2147 149 2186; x_wconf 84' lang='lat' dir='ltr'>au</span> <span class='ocrx_word' id='word_1_153' title='bbox 162 2134 179 2199; x_wconf 77' lang='grc' dir='ltr'>η</span> <span class='ocrx_word' id='word_1_154' title='bbox 192 2128 261 2206; x_wconf 82' lang='grc' dir='ltr'>τύχη</span> <span class='ocrx_word' id='word_1_155' title='bbox 277 2125 409 2206; x_wconf 77' lang='grc' dir='ltr'>ἀπέφηνε,</span> <span class='ocrx_word' id='word_1_156' title='bbox 426 2121 493 2181; x_wconf 84' lang='grc' dir='ltr'>πολθ</span> <span class='ocrx_word' id='word_1_157' title='bbox 508 2121 588 2179; x_wconf 80' lang='grc' dir='ltr'>πλέον</span> <span class='ocrx_word' id='word_1_158' title='bbox 604 2124 639 2188; x_wconf 88' lang='grc' dir='ltr'>είς</span> <span class='ocrx_word' id='word_1_159' title='bbox 660 2122 737 2179; x_wconf 90' lang='grc' dir='ltr'>πάνθ’</span> <span class='ocrx_word' id='word_1_160' title='bbox 750 2121 850 2198; x_wconf 78' lang='grc' dir='ltr'>ἕτοιμος</span> <span class='ocrx_word' id='word_1_161' title='bbox 863 2123 949 2186; x_wconf 87' lang='grc' dir='ltr'>είκειν.</span> 
     </span>
     <span class='ocr_line' id='line_1_22' title="bbox 161 2209 950 2291; baseline -0.006 -16"><span class='ocrx_word' id='word_1_162' title='bbox 161 2216 213 2276; x_wconf 86' lang='grc' dir='ltr'>Ἔν</span> <span class='ocrx_word' id='word_1_163' title='bbox 233 2240 277 2291; x_wconf 91' lang='grc' dir='ltr'>μοι</span> <span class='ocrx_word' id='word_1_164' title='bbox 292 2214 370 2289; x_wconf 88' lang='grc' dir='ltr'>μόνον</span> <span class='ocrx_word' id='word_1_165' title='bbox 385 2210 570 2290; x_wconf 78' lang='grc' dir='ltr'>παρασχέσθαι</span> <span class='ocrx_word' id='word_1_166' title='bbox 585 2216 689 2281; x_wconf 80' lang='grc' dir='ltr'>νεῦσον,</span> <span class='ocrx_word' id='word_1_167' title='bbox 708 2209 950 2272; x_wconf 58' lang='lat' dir='ltr'><strong>saturniliani</strong></span> 
     </span>
     <span class='ocr_line' id='line_1_23' title="bbox 163 2298 949 2381; baseline -0.005 -19"><span class='ocrx_word' id='word_1_168' title='bbox 163 2304 266 2381; x_wconf 85' lang='grc' dir='ltr'>μεγάλα</span> <span class='ocrx_word' id='word_1_169' title='bbox 282 2301 467 2380; x_wconf 79' lang='grc' dir='ltr'>ὑποσχομένη,</span> <span class='ocrx_word' id='word_1_170' title='bbox 481 2298 577 2357; x_wconf 83' lang='grc' dir='ltr'>ἄπειπε</span> <span class='ocrx_word' id='word_1_171' title='bbox 590 2298 633 2357; x_wconf 81' lang='grc' dir='ltr'>τὸν</span> <span class='ocrx_word' id='word_1_172' title='bbox 646 2298 731 2376; x_wconf 83' lang='grc' dir='ltr'>γάμον</span> <span class='ocrx_word' id='word_1_173' title='bbox 746 2299 895 2378; x_wconf 80' lang='grc' dir='ltr'>Ἀχαιμένει</span> <span class='ocrx_word' id='word_1_174' title='bbox 906 2300 949 2358; x_wconf 84' lang='grc' dir='ltr'>τὸν</span> 
     </span>
     <span class='ocr_line' id='line_1_24' title="bbox 163 2382 974 2471; baseline -0.009 -19"><span class='ocrx_word' id='word_1_175' title='bbox 163 2391 332 2471; x_wconf 82' lang='grc' dir='ltr'>Χαρικλείας.</span> <span class='ocrx_word' id='word_1_176' title='bbox 376 2392 437 2449; x_wconf 85' lang='grc' dir='ltr'>Τῶν</span> <span class='ocrx_word' id='word_1_177' title='bbox 448 2386 498 2469; x_wconf 83' lang='grc' dir='ltr'>γθρ</span> <span class='ocrx_word' id='word_1_178' title='bbox 509 2388 597 2446; x_wconf 80' lang='grc' dir='ltr'>ἄλλοιν</span> <span class='ocrx_word' id='word_1_179' title='bbox 607 2387 802 2462; x_wconf 78' lang='grc' dir='ltr'>σιωπωμίνων,</span> <span class='ocrx_word' id='word_1_180' title='bbox 815 2387 861 2459; x_wconf 79' lang='grc' dir='ltr'>τὴν</span> <span class='ocrx_word' id='word_1_181' title='bbox 874 2390 950 2464; x_wconf 91' lang='grc' dir='ltr'>εύγε-</span> <span class='ocrx_word' id='word_1_182' title='bbox 971 2382 974 2391; x_wconf 61' lang='grc'><strong>’</strong></span> 
     </span>
     <span class='ocr_line' id='line_1_25' title="bbox 163 2474 950 2559; baseline -0.003 -23"><span class='ocrx_word' id='word_1_183' title='bbox 163 2479 218 2559; x_wconf 75' lang='grc' dir='ltr'>νείφι</span> <span class='ocrx_word' id='word_1_184' title='bbox 232 2484 263 2558; x_wconf 79' lang='grc' dir='ltr'>τῇ</span> <span class='ocrx_word' id='word_1_185' title='bbox 277 2477 387 2556; x_wconf 89' lang='grc' dir='ltr'>μεγίστῃ</span> <span class='ocrx_word' id='word_1_186' title='bbox 399 2478 543 2552; x_wconf 84' lang='grc' dir='ltr'>κομῶσαν,</span> <span class='ocrx_word' id='word_1_187' title='bbox 557 2474 683 2555; x_wconf 81' lang='grc' dir='ltr'>οίκότριόι</span> <span class='ocrx_word' id='word_1_188' title='bbox 702 2477 843 2550; x_wconf 83' lang='grc' dir='ltr'>συνοικεῖν,</span> <span class='ocrx_word' id='word_1_189' title='bbox 856 2475 950 2552; x_wconf 79' lang='grc' dir='ltr'>ἀθέμι-</span> 
     </span>
    </p>
   </div>
   <div class='ocr_carea' id='block_1_3' title="bbox 23 2563 950 2642">
    <p class='ocr_par' dir='ltr' id='par_1_3' title="bbox 23 2563 950 2642">
     <span class='ocr_line' id='line_1_26' title="bbox 23 2563 950 2642; baseline -0.004 -16"><span class='ocrx_word' id='word_1_190' title='bbox 23 2578 27 2587; x_wconf 70' lang='grc'><em>’</em></span> <span class='ocrx_word' id='word_1_191' title='bbox 124 2589 150 2629; x_wconf 84' lang='lat' dir='ltr'>as</span> <span class='ocrx_word' id='word_1_192' title='bbox 162 2591 214 2626; x_wconf 88' lang='grc' dir='ltr'>τον.</span> <span class='ocrx_word' id='word_1_193' title='bbox 256 2565 294 2627; x_wconf 85' lang='grc' dir='ltr'>Ἢ</span> <span class='ocrx_word' id='word_1_194' title='bbox 308 2565 441 2642; x_wconf 80' lang='grc' dir='ltr'>ἐπόμνυμί</span> <span class='ocrx_word' id='word_1_195' title='bbox 458 2587 499 2622; x_wconf 88' lang='grc' dir='ltr'>σοι</span> <span class='ocrx_word' id='word_1_196' title='bbox 518 2566 581 2622; x_wconf 85' lang='grc' dir='ltr'>θεῶν</span> <span class='ocrx_word' id='word_1_197' title='bbox 601 2563 643 2622; x_wconf 80' lang='grc' dir='ltr'>τόν</span> <span class='ocrx_word' id='word_1_198' title='bbox 659 2563 798 2622; x_wconf 86' lang='grc' dir='ltr'>κάλλιστον</span> <span class='ocrx_word' id='word_1_199' title='bbox 812 2563 886 2634; x_wconf 73' lang='grc' dir='ltr'>ἥλιον</span> <span class='ocrx_word' id='word_1_200' title='bbox 906 2566 950 2623; x_wconf 83' lang='grc' dir='ltr'>καὶ</span> 
     </span>
    </p>
   </div>
   <div class='ocr_carea' id='block_1_4' title="bbox 78 2651 951 5208">
    <p class='ocr_par' dir='ltr' id='par_1_4' title="bbox 163 2651 948 2733">
     <span class='ocr_line' id='line_1_27' title="bbox 163 2651 948 2733; baseline -0.005 -19"><span class='ocrx_word' id='word_1_201' title='bbox 163 2656 233 2721; x_wconf 84' lang='grc' dir='ltr'>θεοὺς</span> <span class='ocrx_word' id='word_1_202' title='bbox 248 2654 305 2722; x_wconf 68' lang='lat' dir='ltr'>tob&lt;</span> <span class='ocrx_word' id='word_1_203' title='bbox 320 2654 430 2725; x_wconf 84' lang='grc' dir='ltr'>ἄλλους,</span> <span class='ocrx_word' id='word_1_204' title='bbox 453 2656 488 2719; x_wconf 84' lang='grc' dir='ltr'>ὡς</span> <span class='ocrx_word' id='word_1_205' title='bbox 501 2651 554 2710; x_wconf 81' lang='grc' dir='ltr'>οὔθ’</span> <span class='ocrx_word' id='word_1_206' title='bbox 569 2652 666 2720; x_wconf 79' lang='grc' dir='ltr'>ύπείξω</span> <span class='ocrx_word' id='word_1_207' title='bbox 680 2656 718 2730; x_wconf 80' lang='grc' dir='ltr'>τῷ</span> <span class='ocrx_word' id='word_1_208' title='bbox 734 2655 772 2733; x_wconf 79' lang='grc' dir='ltr'>σῷ</span> <span class='ocrx_word' id='word_1_209' title='bbox 788 2652 948 2731; x_wconf 80' lang='grc' dir='ltr'>βουλήματι.</span> 
     </span>
    </p>

    <p class='ocr_par' dir='ltr' id='par_1_5' title="bbox 124 2739 951 3439">
     <span class='ocr_line' id='line_1_28' title="bbox 139 2739 951 2823; baseline -0.007 -18"><span class='ocrx_word' id='word_1_210' title='bbox 139 2758 142 2763; x_wconf 93' lang='grc'><strong>’</strong></span> <span class='ocrx_word' id='word_1_211' title='bbox 164 2743 218 2805; x_wconf 77' lang='grc' dir='ltr'>Καὶ</span> <span class='ocrx_word' id='word_1_212' title='bbox 233 2747 255 2802; x_wconf 84' lang='grc' dir='ltr'>εἰ</span> <span class='ocrx_word' id='word_1_213' title='bbox 267 2742 366 2822; x_wconf 88' lang='grc' dir='ltr'>γε’νοιτό</span> <span class='ocrx_word' id='word_1_214' title='bbox 382 2765 408 2800; x_wconf 92' lang='grc' dir='ltr'>τι</span> <span class='ocrx_word' id='word_1_215' title='bbox 417 2742 482 2820; x_wconf 84' lang='grc' dir='ltr'>πρὸς</span> <span class='ocrx_word' id='word_1_216' title='bbox 496 2741 555 2820; x_wconf 90' lang='grc' dir='ltr'>βίαν</span> <span class='ocrx_word' id='word_1_217' title='bbox 566 2743 601 2807; x_wconf 90' lang='grc' dir='ltr'>είς</span> <span class='ocrx_word' id='word_1_218' title='bbox 612 2739 659 2812; x_wconf 77' lang='grc' dir='ltr'>τὴν</span> <span class='ocrx_word' id='word_1_219' title='bbox 671 2741 846 2823; x_wconf 82' lang='grc' dir='ltr'>Χαρίκλειαν,</span> <span class='ocrx_word' id='word_1_220' title='bbox 860 2742 951 2822; x_wconf 79' lang='grc' dir='ltr'>ἔπόψει</span> 
     </span>
     <span class='ocr_line' id='line_1_29' title="bbox 163 2828 948 2913; baseline -0.004 -21"><span class='ocrx_word' id='word_1_221' title='bbox 163 2857 197 2909; x_wconf 91' lang='grc' dir='ltr'>με</span> <span class='ocrx_word' id='word_1_222' title='bbox 211 2832 335 2913; x_wconf 86' lang='grc' dir='ltr'>πρότερον</span> <span class='ocrx_word' id='word_1_223' title='bbox 344 2830 457 2909; x_wconf 83' lang='grc' dir='ltr'>ἐμαυτὸν</span> <span class='ocrx_word' id='word_1_224' title='bbox 467 2828 688 2908; x_wconf 87' lang='grc' dir='ltr'>διαχρησάμενον.</span> <span class='ocrx_word' id='word_1_225' title='bbox 731 2830 810 2901; x_wconf 58' lang='lat' dir='ltr'><strong>Koitai</strong></span> <span class='ocrx_word' id='word_1_226' title='bbox 821 2831 948 2910; x_wconf 78' lang='grc' dir='ltr'>Ἀρσάκῃ,</span> 
     </span>
     <span class='ocr_line' id='line_1_30' title="bbox 162 2918 950 3001; baseline -0.004 -20"><span class='ocrx_word' id='word_1_227' title='bbox 162 2922 210 2993; x_wconf 73' lang='grc' dir='ltr'>Μὴ</span> <span class='ocrx_word' id='word_1_228' title='bbox 226 2921 348 2993; x_wconf 87' lang='grc' dir='ltr'>ἀπίστει,</span> <span class='ocrx_word' id='word_1_229' title='bbox 366 2919 432 2999; x_wconf 83' lang='grc' dir='ltr'>ἔφη,</span> <span class='ocrx_word' id='word_1_230' title='bbox 450 2918 591 2997; x_wconf 86' lang='grc' dir='ltr'>βούλεσθαί</span> <span class='ocrx_word' id='word_1_231' title='bbox 610 2943 643 2994; x_wconf 85' lang='grc' dir='ltr'>με</span> <span class='ocrx_word' id='word_1_232' title='bbox 663 2918 750 2978; x_wconf 87' lang='grc' dir='ltr'>πάντα</span> <span class='ocrx_word' id='word_1_233' title='bbox 770 2919 811 2978; x_wconf 83' lang='grc' dir='ltr'>σοί</span> <span class='ocrx_word' id='word_1_234' title='bbox 824 2920 950 3001; x_wconf 77' lang='grc' dir='ltr'>χαρίζεο·</span> 
     </span>
     <span class='ocr_line' id='line_1_31' title="bbox 124 3005 950 3090; baseline 0.004 -27"><span class='ocrx_word' id='word_1_235' title='bbox 124 3024 151 3064; x_wconf 79' lang='lat' dir='ltr'>ab</span> <span class='ocrx_word' id='word_1_236' title='bbox 162 3014 218 3068; x_wconf 88' lang='grc' dir='ltr'>θαι·</span> <span class='ocrx_word' id='word_1_237' title='bbox 230 3009 288 3080; x_wconf 73' lang='grc' dir='ltr'>ἥτις</span> <span class='ocrx_word' id='word_1_238' title='bbox 301 3006 440 3084; x_wconf 76' lang='grc' dir='ltr'>κάμαυτλν</span> <span class='ocrx_word' id='word_1_239' title='bbox 451 3005 554 3083; x_wconf 73' lang='grc' dir='ltr'>ἕτοιμος</span> <span class='ocrx_word' id='word_1_240' title='bbox 562 3006 702 3069; x_wconf 79' lang='grc' dir='ltr'>ἐκδιδόναι.</span> <span class='ocrx_word' id='word_1_241' title='bbox 745 3005 950 3090; x_wconf 81' lang='grc' dir='ltr'>Ἀλλθπροληφ-</span> 
     </span>
     <span class='ocr_line' id='line_1_32' title="bbox 163 3092 948 3178; baseline 0.001 -24"><span class='ocrx_word' id='word_1_242' title='bbox 163 3101 236 3154; x_wconf 91' lang='grc' dir='ltr'>θεῖσα</span> <span class='ocrx_word' id='word_1_243' title='bbox 258 3095 385 3169; x_wconf 82' lang='grc' dir='ltr'>ἐπώμοσα</span> <span class='ocrx_word' id='word_1_244' title='bbox 399 3092 522 3154; x_wconf 78' lang='grc' dir='ltr'>ἐκδώσειν</span> <span class='ocrx_word' id='word_1_245' title='bbox 537 3093 687 3174; x_wconf 79' lang='grc' dir='ltr'>Ἀχαιμένει</span> <span class='ocrx_word' id='word_1_246' title='bbox 701 3095 749 3166; x_wconf 75' lang='grc' dir='ltr'>τὴν</span> <span class='ocrx_word' id='word_1_247' title='bbox 763 3094 810 3159; x_wconf 76' lang='grc' dir='ltr'>σὴν</span> <span class='ocrx_word' id='word_1_248' title='bbox 825 3098 948 3178; x_wconf 78' lang='grc' dir='ltr'>ἀδελφήν.</span> 
     </span>
     <span class='ocr_line' id='line_1_33' title="bbox 163 3173 948 3265; baseline -0.004 -21"><span class='ocrx_word' id='word_1_249' title='bbox 163 3175 217 3256; x_wconf 60' lang='lat' dir='ltr'>Ed,</span> <span class='ocrx_word' id='word_1_250' title='bbox 232 3183 298 3265; x_wconf 84' lang='grc' dir='ltr'>ἔφη,</span> <span class='ocrx_word' id='word_1_251' title='bbox 316 3173 338 3242; x_wconf 83' lang='grc' dir='ltr'>ῶ·</span> <span class='ocrx_word' id='word_1_252' title='bbox 355 3182 494 3255; x_wconf 81' lang='grc' dir='ltr'>δέσποινα,</span> <span class='ocrx_word' id='word_1_253' title='bbox 506 3182 554 3253; x_wconf 74' lang='grc' dir='ltr'>τὴν</span> <span class='ocrx_word' id='word_1_254' title='bbox 568 3184 682 3264; x_wconf 73' lang='grc' dir='ltr'>ἀδελφὴν</span> <span class='ocrx_word' id='word_1_255' title='bbox 698 3184 782 3242; x_wconf 90' lang='grc' dir='ltr'>τοίνυν</span> <span class='ocrx_word' id='word_1_256' title='bbox 794 3182 851 3255; x_wconf 77' lang='grc' dir='ltr'>ἥτις</span> <span class='ocrx_word' id='word_1_257' title='bbox 868 3186 948 3260; x_wconf 79' lang='grc' dir='ltr'>ἐστίν,</span> 
     </span>
     <span class='ocr_line' id='line_1_34' title="bbox 163 3270 949 3354; baseline 0.001 -24"><span class='ocrx_word' id='word_1_258' title='bbox 163 3273 274 3334; x_wconf 84' lang='grc' dir='ltr'>ε’κδίθου.</span> <span class='ocrx_word' id='word_1_259' title='bbox 317 3270 446 3343; x_wconf 75' lang='grc' dir='ltr'>Μνηστὴν</span> <span class='ocrx_word' id='word_1_260' title='bbox 457 3273 483 3329; x_wconf 83' lang='grc' dir='ltr'>δὲ</span> <span class='ocrx_word' id='word_1_261' title='bbox 496 3272 543 3343; x_wconf 81' lang='grc' dir='ltr'>τὴν</span> <span class='ocrx_word' id='word_1_262' title='bbox 557 3272 623 3351; x_wconf 77' lang='grc' dir='ltr'>ἐμὴν</span> <span class='ocrx_word' id='word_1_263' title='bbox 633 3272 678 3330; x_wconf 83' lang='grc' dir='ltr'>καί</span> <span class='ocrx_word' id='word_1_264' title='bbox 692 3272 795 3354; x_wconf 79' lang='grc' dir='ltr'>νύμφην</span> <span class='ocrx_word' id='word_1_265' title='bbox 808 3272 853 3331; x_wconf 84' lang='grc' dir='ltr'>καί</span> <span class='ocrx_word' id='word_1_266' title='bbox 864 3273 889 3331; x_wconf 91' lang='grc' dir='ltr'>τί</span> <span class='ocrx_word' id='word_1_267' title='bbox 900 3272 949 3352; x_wconf 81' lang='grc' dir='ltr'>γθρ</span> 
     </span>
     <span class='ocr_line' id='line_1_35' title="bbox 163 3353 948 3439; baseline 0.001 -20"><span class='ocrx_word' id='word_1_268' title='bbox 163 3360 228 3421; x_wconf 82' lang='grc' dir='ltr'>ἄλλο</span> <span class='ocrx_word' id='word_1_269' title='bbox 242 3361 259 3432; x_wconf 80' lang='grc' dir='ltr'>ἢ</span> <span class='ocrx_word' id='word_1_270' title='bbox 274 3361 411 3439; x_wconf 81' lang='grc' dir='ltr'>γαμετὴν,</span> <span class='ocrx_word' id='word_1_271' title='bbox 426 3359 486 3420; x_wconf 85' lang='grc' dir='ltr'>οὔτε</span> <span class='ocrx_word' id='word_1_272' title='bbox 503 3361 619 3432; x_wconf 79' lang='grc' dir='ltr'>θελήσεις</span> <span class='ocrx_word' id='word_1_273' title='bbox 635 3353 663 3419; x_wconf 80' lang='grc' dir='ltr'>εύ</span> <span class='ocrx_word' id='word_1_274' title='bbox 678 3353 752 3435; x_wconf 79' lang='grc' dir='ltr'>οίθα,</span> <span class='ocrx_word' id='word_1_275' title='bbox 765 3362 823 3420; x_wconf 84' lang='grc' dir='ltr'>οὔτε</span> <span class='ocrx_word' id='word_1_276' title='bbox 839 3365 948 3420; x_wconf 85' lang='grc' dir='ltr'>θελουσα</span> 
     </span>
    </p>

    <p class='ocr_par' dir='ltr' id='par_1_6' title="bbox 120 3448 951 5120">
     <span class='ocr_line' id='line_1_36' title="bbox 122 3448 951 3528; baseline 0.004 -23"><span class='ocrx_word' id='word_1_277' title='bbox 122 3465 148 3506; x_wconf 76' lang='grc' dir='ltr'>ιι</span> <span class='ocrx_word' id='word_1_278' title='bbox 163 3450 293 3515; x_wconf 79' lang='grc' dir='ltr'>ἐκθύσεις.</span> <span class='ocrx_word' id='word_1_279' title='bbox 339 3452 418 3524; x_wconf 88' lang='grc' dir='ltr'>Πῶς,</span> <span class='ocrx_word' id='word_1_280' title='bbox 439 3449 505 3528; x_wconf 82' lang='grc' dir='ltr'>ἔφη,</span> <span class='ocrx_word' id='word_1_281' title='bbox 527 3451 649 3524; x_wconf 82' lang='grc' dir='ltr'>λέγεις;ό</span> <span class='ocrx_word' id='word_1_282' title='bbox 670 3448 711 3519; x_wconf 78' lang='grc' dir='ltr'>δὲ,</span> <span class='ocrx_word' id='word_1_283' title='bbox 726 3449 769 3508; x_wconf 81' lang='grc' dir='ltr'>Τὰ</span> <span class='ocrx_word' id='word_1_284' title='bbox 788 3449 866 3521; x_wconf 87' lang='grc' dir='ltr'>ὄντα,</span> <span class='ocrx_word' id='word_1_285' title='bbox 886 3453 951 3508; x_wconf 86' lang='grc' dir='ltr'>ἀπε·</span> 
     </span>
     <span class='ocr_line' id='line_1_37' title="bbox 162 3536 949 3617; baseline 0.001 -21"><span class='ocrx_word' id='word_1_286' title='bbox 162 3539 277 3617; x_wconf 88' lang='grc' dir='ltr'>κρίνατο.</span> <span class='ocrx_word' id='word_1_287' title='bbox 320 3537 425 3617; x_wconf 75' lang='grc' dir='ltr'>οὐγὰρ</span> <span class='ocrx_word' id='word_1_288' title='bbox 448 3536 562 3617; x_wconf 70' lang='grc' dir='ltr'>ἀδελφὴν</span> <span class='ocrx_word' id='word_1_289' title='bbox 575 3537 629 3616; x_wconf 80' lang='grc' dir='ltr'>ἔχω</span> <span class='ocrx_word' id='word_1_290' title='bbox 649 3537 694 3607; x_wconf 74' lang='grc' dir='ltr'>τὴν</span> <span class='ocrx_word' id='word_1_291' title='bbox 707 3538 866 3615; x_wconf 86' lang='grc' dir='ltr'>Χαρίκλειαν</span> <span class='ocrx_word' id='word_1_292' title='bbox 881 3538 949 3597; x_wconf 83' lang='grc' dir='ltr'>ἀλλά</span> 
     </span>
     <span class='ocr_line' id='line_1_38' title="bbox 161 3622 948 3707; baseline 0.001 -24"><span class='ocrx_word' id='word_1_293' title='bbox 161 3627 265 3705; x_wconf 86' lang='grc' dir='ltr'>νύμφην</span> <span class='ocrx_word' id='word_1_294' title='bbox 281 3622 370 3702; x_wconf 78' lang='grc' dir='ltr'>ὥσπερ</span> <span class='ocrx_word' id='word_1_295' title='bbox 384 3624 490 3702; x_wconf 83' lang='grc' dir='ltr'>ἔλεγον,</span> <span class='ocrx_word' id='word_1_296' title='bbox 509 3625 578 3682; x_wconf 84' lang='grc' dir='ltr'>ὥστε</span> <span class='ocrx_word' id='word_1_297' title='bbox 593 3626 718 3683; x_wconf 75' lang='grc' dir='ltr'>λελύσθαι</span> <span class='ocrx_word' id='word_1_298' title='bbox 733 3625 780 3698; x_wconf 84' lang='grc' dir='ltr'>μέν</span> <span class='ocrx_word' id='word_1_299' title='bbox 793 3648 834 3682; x_wconf 87' lang='grc' dir='ltr'>σοι</span> <span class='ocrx_word' id='word_1_300' title='bbox 846 3625 889 3683; x_wconf 79' lang='grc' dir='ltr'>τόν</span> <span class='ocrx_word' id='word_1_301' title='bbox 902 3625 948 3707; x_wconf 84' lang='grc' dir='ltr'>θρ-</span> 
     </span>
     <span class='ocr_line' id='line_1_39' title="bbox 162 3712 946 3791; baseline 0.001 -20"><span class='ocrx_word' id='word_1_302' title='bbox 162 3737 221 3785; x_wconf 90' lang='grc' dir='ltr'>κον,</span> <span class='ocrx_word' id='word_1_303' title='bbox 235 3713 328 3782; x_wconf 76' lang='grc' dir='ltr'>ἐξεῖναι</span> <span class='ocrx_word' id='word_1_304' title='bbox 343 3712 384 3783; x_wconf 78' lang='grc' dir='ltr'>δὲ,</span> <span class='ocrx_word' id='word_1_305' title='bbox 395 3715 417 3770; x_wconf 90' lang='grc' dir='ltr'>εί</span> <span class='ocrx_word' id='word_1_306' title='bbox 429 3712 551 3790; x_wconf 88' lang='grc' dir='ltr'>βούλοιο,</span> <span class='ocrx_word' id='word_1_307' title='bbox 564 3714 609 3771; x_wconf 85' lang='grc' dir='ltr'>καὶ</span> <span class='ocrx_word' id='word_1_308' title='bbox 620 3713 703 3785; x_wconf 82' lang='grc' dir='ltr'>ἀλλην</span> <span class='ocrx_word' id='word_1_309' title='bbox 716 3712 784 3791; x_wconf 84' lang='grc' dir='ltr'>ἔχειν</span> <span class='ocrx_word' id='word_1_310' title='bbox 798 3713 946 3788; x_wconf 75' lang='grc' dir='ltr'>ἀπόδειξιν,</span> 
     </span>
     <span class='ocr_line' id='line_1_40' title="bbox 161 3801 947 3882; baseline 0.001 -23"><span class='ocrx_word' id='word_1_311' title='bbox 161 3801 220 3867; x_wconf 76' lang='grc' dir='ltr'>τοὺς</span> <span class='ocrx_word' id='word_1_312' title='bbox 231 3802 332 3879; x_wconf 79' lang='grc' dir='ltr'>γάμους</span> <span class='ocrx_word' id='word_1_313' title='bbox 345 3801 407 3858; x_wconf 81' lang='grc' dir='ltr'>όταν</span> <span class='ocrx_word' id='word_1_314' title='bbox 422 3801 512 3879; x_wconf 82' lang='grc' dir='ltr'>κρίνῃς</span> <span class='ocrx_word' id='word_1_315' title='bbox 527 3803 591 3877; x_wconf 80' lang='grc' dir='ltr'>ἐμοῦ</span> <span class='ocrx_word' id='word_1_316' title='bbox 612 3825 640 3859; x_wconf 88' lang='grc' dir='ltr'>τε</span> <span class='ocrx_word' id='word_1_317' title='bbox 661 3801 783 3873; x_wconf 81' lang='grc' dir='ltr'>κάκείνης</span> <span class='ocrx_word' id='word_1_318' title='bbox 798 3804 947 3882; x_wconf 77' lang='grc' dir='ltr'>εύωχούσα.</span> 
     </span>
     <span class='ocr_line' id='line_1_41' title="bbox 121 3881 949 3971; baseline 0.006 -27"><span class='ocrx_word' id='word_1_319' title='bbox 121 3906 148 3944; x_wconf 83' lang='grc' dir='ltr'>ευ</span> <span class='ocrx_word' id='word_1_320' title='bbox 161 3889 323 3961; x_wconf 83' lang='grc' dir='ltr'>Ὑπεκνίσθη</span> <span class='ocrx_word' id='word_1_321' title='bbox 340 3889 404 3966; x_wconf 76' lang='grc' dir='ltr'>μὲν,</span> <span class='ocrx_word' id='word_1_322' title='bbox 420 3888 523 3968; x_wconf 88' lang='grc' dir='ltr'>νύμφην</span> <span class='ocrx_word' id='word_1_323' title='bbox 536 3892 582 3949; x_wconf 87' lang='grc' dir='ltr'>ούκ</span> <span class='ocrx_word' id='word_1_324' title='bbox 597 3888 710 3970; x_wconf 76' lang='grc' dir='ltr'>ἀδελφὴν</span> <span class='ocrx_word' id='word_1_325' title='bbox 724 3881 848 3963; x_wconf 79' lang='grc' dir='ltr'>εἶναιτὴν</span> <span class='ocrx_word' id='word_1_326' title='bbox 864 3894 949 3971; x_wconf 83' lang='grc' dir='ltr'>Χαρί·</span> 
     </span>
     <span class='ocr_line' id='line_1_42' title="bbox 161 3977 949 4052; baseline 0.004 -18"><span class='ocrx_word' id='word_1_327' title='bbox 161 3980 250 4035; x_wconf 89' lang='grc' dir='ltr'>κλειαν</span> <span class='ocrx_word' id='word_1_328' title='bbox 274 3980 320 4036; x_wconf 84' lang='grc' dir='ltr'>οὐκ</span> <span class='ocrx_word' id='word_1_329' title='bbox 343 3977 404 4037; x_wconf 87' lang='grc' dir='ltr'>ἀνευ</span> <span class='ocrx_word' id='word_1_330' title='bbox 430 3977 589 4049; x_wconf 82' lang='grc' dir='ltr'>ζηλοτυπίας</span> <span class='ocrx_word' id='word_1_331' title='bbox 610 3978 760 4052; x_wconf 81' lang='grc' dir='ltr'>ἀκούσασα,</span> <span class='ocrx_word' id='word_1_332' title='bbox 782 3980 851 4051; x_wconf 78' lang='grc' dir='ltr'>πλὴν</span> <span class='ocrx_word' id='word_1_333' title='bbox 877 3981 949 4051; x_wconf 82' lang='grc' dir='ltr'>ἀλλ’,</span> 
     </span>
     <span class='ocr_line' id='line_1_43' title="bbox 160 4056 949 4147; baseline -0.001 -20"><span class='ocrx_word' id='word_1_334' title='bbox 160 4065 260 4127; x_wconf 82' lang='grc' dir='ltr'>Ἔσται</span> <span class='ocrx_word' id='word_1_335' title='bbox 275 4066 371 4144; x_wconf 78' lang='grc' dir='ltr'>οὕτως,</span> <span class='ocrx_word' id='word_1_336' title='bbox 389 4056 489 4138; x_wconf 77' lang='grc' dir='ltr'>εἷπενὴ</span> <span class='ocrx_word' id='word_1_337' title='bbox 512 4066 628 4146; x_wconf 77' lang='grc' dir='ltr'>Ἀρσάκη</span> <span class='ocrx_word' id='word_1_338' title='bbox 640 4066 685 4126; x_wconf 80' lang='grc' dir='ltr'>καὶ</span> <span class='ocrx_word' id='word_1_339' title='bbox 707 4067 864 4147; x_wconf 80' lang='grc' dir='ltr'>Ἀχαιμένην</span> <span class='ocrx_word' id='word_1_340' title='bbox 874 4070 949 4145; x_wconf 78' lang='grc' dir='ltr'>ἡμεῖς</span> 
     </span>
     <span class='ocr_line' id='line_1_44' title="bbox 161 4149 948 4236; baseline 0.001 -24"><span class='ocrx_word' id='word_1_341' title='bbox 161 4153 241 4233; x_wconf 77' lang='grc' dir='ltr'>ἑτάρῳ</span> <span class='ocrx_word' id='word_1_342' title='bbox 259 4153 338 4234; x_wconf 83' lang='grc' dir='ltr'>γάμῳ</span> <span class='ocrx_word' id='word_1_343' title='bbox 358 4155 614 4234; x_wconf 86' lang='grc' dir='ltr'>παραμυθησόμεθα.</span> <span class='ocrx_word' id='word_1_344' title='bbox 656 4149 754 4214; x_wconf 66' lang='lat' dir='ltr'><strong>&#39;Eueni</strong></span> <span class='ocrx_word' id='word_1_345' title='bbox 772 4156 818 4213; x_wconf 83' lang='grc' dir='ltr'>καί</span> <span class='ocrx_word' id='word_1_346' title='bbox 837 4155 869 4213; x_wconf 80' lang='grc' dir='ltr'>τὰ</span> <span class='ocrx_word' id='word_1_347' title='bbox 884 4159 948 4236; x_wconf 82' lang='grc' dir='ltr'>παρ’</span> 
     </span>
     <span class='ocr_line' id='line_1_45' title="bbox 160 4241 947 4326; baseline 0.003 -28"><span class='ocrx_word' id='word_1_348' title='bbox 160 4242 236 4319; x_wconf 78' lang='grc' dir='ltr'>ἐμοῦ,</span> <span class='ocrx_word' id='word_1_349' title='bbox 250 4242 327 4318; x_wconf 82' lang='grc' dir='ltr'>φησὶ,</span> <span class='ocrx_word' id='word_1_350' title='bbox 340 4242 403 4318; x_wconf 89' lang='grc' dir='ltr'>πρός</span> <span class='ocrx_word' id='word_1_351' title='bbox 419 4266 458 4316; x_wconf 92' lang='grc' dir='ltr'>σε,</span> <span class='ocrx_word' id='word_1_352' title='bbox 472 4246 486 4300; x_wconf 84' lang='grc' dir='ltr'>δ</span> <span class='ocrx_word' id='word_1_353' title='bbox 501 4242 645 4321; x_wconf 82' lang='grc' dir='ltr'>Θεαγένης,</span> <span class='ocrx_word' id='word_1_354' title='bbox 656 4242 754 4302; x_wconf 88' lang='grc' dir='ltr'>τούτων</span> <span class='ocrx_word' id='word_1_355' title='bbox 767 4241 947 4326; x_wconf 79' lang='grc' dir='ltr'>διακριθέντων</span> 
     </span>
     <span class='ocr_line' id='line_1_46' title="bbox 122 4330 946 4413; baseline 0.006 -28"><span class='ocrx_word' id='word_1_356' title='bbox 122 4344 147 4385; x_wconf 81' lang='grc' dir='ltr'>ιο</span> <span class='ocrx_word' id='word_1_357' title='bbox 161 4330 206 4389; x_wconf 86' lang='grc' dir='ltr'>καί</span> <span class='ocrx_word' id='word_1_358' title='bbox 219 4330 275 4407; x_wconf 74' lang='grc' dir='ltr'>ἅμα</span> <span class='ocrx_word' id='word_1_359' title='bbox 286 4330 397 4411; x_wconf 77' lang='grc' dir='ltr'>προσῄει</span> <span class='ocrx_word' id='word_1_360' title='bbox 412 4334 446 4398; x_wconf 82' lang='grc' dir='ltr'>ὡς</span> <span class='ocrx_word' id='word_1_361' title='bbox 456 4331 502 4398; x_wconf 84' lang='grc' dir='ltr'>τδις</span> <span class='ocrx_word' id='word_1_362' title='bbox 515 4341 605 4412; x_wconf 85' lang='grc' dir='ltr'>χεῖρας</span> <span class='ocrx_word' id='word_1_363' title='bbox 620 4331 748 4413; x_wconf 81' lang='grc' dir='ltr'>φιλήσων.</span> <span class='ocrx_word' id='word_1_364' title='bbox 794 4333 828 4393; x_wconf 87' lang='lat' dir='ltr'>‘H</span> <span class='ocrx_word' id='word_1_365' title='bbox 844 4332 871 4391; x_wconf 72' lang='grc' dir='ltr'>δὲ</span> <span class='ocrx_word' id='word_1_366' title='bbox 884 4356 946 4411; x_wconf 88' lang='grc' dir='ltr'>προ-</span> 
     </span>
     <span class='ocr_line' id='line_1_47' title="bbox 161 4419 945 4502; baseline 0 -24"><span class='ocrx_word' id='word_1_367' title='bbox 161 4419 267 4501; x_wconf 79' lang='grc' dir='ltr'>κύψασα</span> <span class='ocrx_word' id='word_1_368' title='bbox 281 4420 325 4478; x_wconf 82' lang='grc' dir='ltr'>καί</span> <span class='ocrx_word' id='word_1_369' title='bbox 335 4419 364 4477; x_wconf 83' lang='grc' dir='ltr'>τὸ</span> <span class='ocrx_word' id='word_1_370' title='bbox 375 4419 459 4495; x_wconf 86' lang='grc' dir='ltr'>στόμα</span> <span class='ocrx_word' id='word_1_371' title='bbox 471 4421 527 4478; x_wconf 81' lang='grc' dir='ltr'>ἀντί</span> <span class='ocrx_word' id='word_1_372' title='bbox 540 4423 591 4478; x_wconf 90' lang='grc' dir='ltr'>τῶν</span> <span class='ocrx_word' id='word_1_373' title='bbox 603 4425 698 4501; x_wconf 91' lang='grc' dir='ltr'>χειρῶν</span> <span class='ocrx_word' id='word_1_374' title='bbox 708 4421 878 4501; x_wconf 82' lang='grc' dir='ltr'>προόαλόῠσα</span> <span class='ocrx_word' id='word_1_375' title='bbox 893 4422 945 4502; x_wconf 63' lang='lat' dir='ltr'><strong>epi·</strong></span> 
     </span>
     <span class='ocr_line' id='line_1_48' title="bbox 160 4507 947 4586; baseline 0 -20"><span class='ocrx_word' id='word_1_376' title='bbox 160 4512 235 4580; x_wconf 88' lang='grc' dir='ltr'>λησε.</span> <span class='ocrx_word' id='word_1_377' title='bbox 282 4507 335 4567; x_wconf 83' lang='grc' dir='ltr'>Καὶ</span> <span class='ocrx_word' id='word_1_378' title='bbox 357 4507 460 4579; x_wconf 80' lang='grc' dir='ltr'>ἐξῆλθεν</span> <span class='ocrx_word' id='word_1_379' title='bbox 485 4513 499 4566; x_wconf 84' lang='grc' dir='ltr'>ό</span> <span class='ocrx_word' id='word_1_380' title='bbox 525 4511 661 4586; x_wconf 84' lang='grc' dir='ltr'>Θεαγένης</span> <span class='ocrx_word' id='word_1_381' title='bbox 684 4510 814 4586; x_wconf 79' lang='grc' dir='ltr'>φιληθείς,</span> <span class='ocrx_word' id='word_1_382' title='bbox 839 4511 867 4568; x_wconf 83' lang='grc' dir='ltr'>οὐ</span> <span class='ocrx_word' id='word_1_383' title='bbox 895 4509 947 4585; x_wconf 75' lang='grc' dir='ltr'>μὴν</span> 
     </span>
     <span class='ocr_line' id='line_1_49' title="bbox 161 4595 947 4678; baseline 0.004 -25"><span class='ocrx_word' id='word_1_384' title='bbox 161 4598 237 4664; x_wconf 86' lang='grc' dir='ltr'>αὐτός</span> <span class='ocrx_word' id='word_1_385' title='bbox 252 4621 281 4675; x_wconf 89' lang='grc' dir='ltr'>γε</span> <span class='ocrx_word' id='word_1_386' title='bbox 297 4595 418 4676; x_wconf 74' lang='grc' dir='ltr'>φιλήσας.</span> <span class='ocrx_word' id='word_1_387' title='bbox 463 4597 517 4658; x_wconf 84' lang='grc' dir='ltr'>Καί</span> <span class='ocrx_word' id='word_1_388' title='bbox 533 4602 564 4675; x_wconf 76' lang='grc' dir='ltr'>τῇ</span> <span class='ocrx_word' id='word_1_389' title='bbox 581 4599 744 4678; x_wconf 69' lang='grc' dir='ltr'>Χαρικλείᾳ,</span> <span class='ocrx_word' id='word_1_390' title='bbox 758 4603 850 4677; x_wconf 79' lang='grc' dir='ltr'>καιροῦ</span> <span class='ocrx_word' id='word_1_391' title='bbox 864 4597 947 4656; x_wconf 76' lang='grc' dir='ltr'>λαθό-</span> 
     </span>
     <span class='ocr_line' id='line_1_50' title="bbox 162 4685 947 4768; baseline 0.004 -27"><span class='ocrx_word' id='word_1_392' title='bbox 162 4709 253 4761; x_wconf 85' lang='grc' dir='ltr'>μενος,</span> <span class='ocrx_word' id='word_1_393' title='bbox 282 4687 378 4744; x_wconf 75' lang='grc' dir='ltr'>ἅπαντ’</span> <span class='ocrx_word' id='word_1_394' title='bbox 401 4686 515 4759; x_wconf 77' lang='grc' dir='ltr'>ἐξεῖπεν,</span> <span class='ocrx_word' id='word_1_395' title='bbox 543 4689 604 4768; x_wconf 81' lang='grc' dir='ltr'>[οὐκ</span> <span class='ocrx_word' id='word_1_396' title='bbox 629 4688 690 4744; x_wconf 89' lang='grc' dir='ltr'>ἀνευ</span> <span class='ocrx_word' id='word_1_397' title='bbox 714 4685 869 4758; x_wconf 83' lang='grc' dir='ltr'>ζηλοτυπίας</span> <span class='ocrx_word' id='word_1_398' title='bbox 891 4687 947 4744; x_wconf 81' lang='grc' dir='ltr'>οὐδ’</span> 
     </span>
     <span class='ocr_line' id='line_1_51' title="bbox 120 4771 946 4852; baseline 0.01 -26"><span class='ocrx_word' id='word_1_399' title='bbox 120 4787 146 4823; x_wconf 76' lang='grc' dir='ltr'>ιιι</span> <span class='ocrx_word' id='word_1_400' title='bbox 162 4772 259 4842; x_wconf 79' lang='grc' dir='ltr'>ἐκείνης</span> <span class='ocrx_word' id='word_1_401' title='bbox 279 4771 333 4830; x_wconf 85' lang='grc' dir='ltr'>ἔνια</span> <span class='ocrx_word' id='word_1_402' title='bbox 349 4774 546 4852; x_wconf 86' lang='grc' dir='ltr'>μανθανσύσης)</span> <span class='ocrx_word' id='word_1_403' title='bbox 558 4773 603 4834; x_wconf 85' lang='grc' dir='ltr'>καί</span> <span class='ocrx_word' id='word_1_404' title='bbox 618 4779 669 4832; x_wconf 85' lang='grc' dir='ltr'>τῶν</span> <span class='ocrx_word' id='word_1_405' title='bbox 688 4775 792 4833; x_wconf 81' lang='grc' dir='ltr'>ἀτόπων</span> <span class='ocrx_word' id='word_1_406' title='bbox 807 4779 946 4852; x_wconf 77' lang='grc' dir='ltr'>τῆςὲπαγ-</span> 
     </span>
     <span class='ocr_line' id='line_1_52' title="bbox 161 4859 948 4944; baseline 0.01 -30"><span class='ocrx_word' id='word_1_407' title='bbox 161 4859 249 4934; x_wconf 83' lang='grc' dir='ltr'>γελίας</span> <span class='ocrx_word' id='word_1_408' title='bbox 264 4860 306 4917; x_wconf 82' lang='grc' dir='ltr'>τὸν</span> <span class='ocrx_word' id='word_1_409' title='bbox 319 4862 416 4921; x_wconf 87' lang='grc' dir='ltr'>σκοπὸν</span> <span class='ocrx_word' id='word_1_410' title='bbox 434 4865 612 4944; x_wconf 77' lang='grc' dir='ltr'>προσέθηκεν,</span> <span class='ocrx_word' id='word_1_411' title='bbox 627 4867 662 4928; x_wconf 84' lang='grc' dir='ltr'>ὡς</span> <span class='ocrx_word' id='word_1_412' title='bbox 673 4863 758 4921; x_wconf 82' lang='grc' dir='ltr'>πολλὰ</span> <span class='ocrx_word' id='word_1_413' title='bbox 773 4865 806 4920; x_wconf 84' lang='grc' dir='ltr'>δι’</span> <span class='ocrx_word' id='word_1_414' title='bbox 824 4864 877 4929; x_wconf 81' lang='grc' dir='ltr'>ἑνός</span> <span class='ocrx_word' id='word_1_415' title='bbox 889 4862 948 4922; x_wconf 92' lang='grc' dir='ltr'>ἀνύ·</span> 
     </span>
     <span class='ocr_line' id='line_1_53' title="bbox 160 4949 947 5032; baseline 0.008 -29"><span class='ocrx_word' id='word_1_416' title='bbox 160 4970 224 5006; x_wconf 86' lang='grc' dir='ltr'>σιτο.</span> <span class='ocrx_word' id='word_1_417' title='bbox 269 4949 317 5027; x_wconf 57' lang='lat' dir='ltr'>’Ap</span> <span class='ocrx_word' id='word_1_418' title='bbox 319 4950 419 5027; x_wconf 76' lang='grc' dir='ltr'>τεμένει</span> <span class='ocrx_word' id='word_1_419' title='bbox 432 4953 513 5031; x_wconf 82' lang='grc' dir='ltr'>(μὲν)</span> <span class='ocrx_word' id='word_1_420' title='bbox 524 4951 575 5032; x_wconf 74' lang='grc' dir='ltr'>γάρ</span> <span class='ocrx_word' id='word_1_421' title='bbox 589 4950 776 5023; x_wconf 78' lang='grc' dir='ltr'>διασεσόύηται</span> <span class='ocrx_word' id='word_1_422' title='bbox 786 4951 891 5030; x_wconf 84' lang='grc' dir='ltr'>δγάμος</span> <span class='ocrx_word' id='word_1_423' title='bbox 902 4952 947 5010; x_wconf 83' lang='grc' dir='ltr'>καί</span> 
     </span>
     <span class='ocr_line' id='line_1_54' title="bbox 159 5035 946 5120; baseline 0.009 -29"><span class='ocrx_word' id='word_1_424' title='bbox 159 5039 192 5113; x_wconf 75' lang='grc' dir='ltr'>τῇ</span> <span class='ocrx_word' id='word_1_425' title='bbox 204 5039 262 5092; x_wconf 90' lang='grc' dir='ltr'>κατ’</span> <span class='ocrx_word' id='word_1_426' title='bbox 278 5035 408 5112; x_wconf 74' lang='grc' dir='ltr'>Ἀρσάκην</span> <span class='ocrx_word' id='word_1_427' title='bbox 421 5041 545 5120; x_wconf 72' lang='grc' dir='ltr'>ἐπιθυμίᾳ</span> <span class='ocrx_word' id='word_1_428' title='bbox 557 5040 686 5120; x_wconf 85' lang='grc' dir='ltr'>πρόφασις</span> <span class='ocrx_word' id='word_1_429' title='bbox 700 5040 729 5097; x_wconf 81' lang='grc' dir='ltr'>τὸ</span> <span class='ocrx_word' id='word_1_430' title='bbox 741 5039 824 5119; x_wconf 85' lang='grc' dir='ltr'>παρὸν</span> <span class='ocrx_word' id='word_1_431' title='bbox 838 5040 946 5120; x_wconf 78' lang='grc' dir='ltr'>ὑπερθέ-</span> 
     </span>
    </p>

    <p class='ocr_par' dir='ltr' id='par_1_7' title="bbox 78 5125 945 5208">
     <span class='ocr_line' id='line_1_55' title="bbox 78 5125 945 5208; baseline 0.005 -25"><span class='ocrx_word' id='word_1_432' title='bbox 78 5172 86 5183; x_wconf 24' lang='lat'>,⁴</span> <span class='ocrx_word' id='word_1_433' title='bbox 160 5146 225 5192; x_wconf 90' lang='grc' dir='ltr'>σεως</span> <span class='ocrx_word' id='word_1_434' title='bbox 241 5125 422 5204; x_wconf 77' lang='grc' dir='ltr'>ἐπινενόηται,</span> <span class='ocrx_word' id='word_1_435' title='bbox 435 5128 520 5186; x_wconf 81' lang='grc' dir='ltr'>καὶτὸ</span> <span class='ocrx_word' id='word_1_436' title='bbox 541 5126 572 5199; x_wconf 71' lang='grc' dir='ltr'>δὴ</span> <span class='ocrx_word' id='word_1_437' title='bbox 588 5129 745 5208; x_wconf 87' lang='grc' dir='ltr'>κεφάλαιον,</span> <span class='ocrx_word' id='word_1_438' title='bbox 756 5130 791 5195; x_wconf 78' lang='grc' dir='ltr'>ὡς</span> <span class='ocrx_word' id='word_1_439' title='bbox 805 5129 872 5194; x_wconf 84' lang='grc' dir='ltr'>εἰκὸς</span> <span class='ocrx_word' id='word_1_440' title='bbox 902 5128 945 5187; x_wconf 79' lang='grc' dir='ltr'>τὸν</span> 
     </span>
    </p>
   </div>
   <div class='ocr_carea' id='block_1_5' title="bbox 992 450 1627 5202">
    <p class='ocr_par' dir='ltr' id='par_1_8' title="bbox 996 450 1625 690">
     <span class='ocr_line' id='line_1_56' title="bbox 996 450 1608 512; baseline 0.003 -14"><span class='ocrx_word' id='word_1_441' title='bbox 996 450 1095 498; x_wconf 91' lang='lat' dir='ltr'><strong>omnino</strong></span> <span class='ocrx_word' id='word_1_442' title='bbox 1117 451 1271 499; x_wconf 89' lang='lat' dir='ltr'><strong>consiliorum</strong></span> <span class='ocrx_word' id='word_1_443' title='bbox 1286 452 1321 499; x_wconf 85' lang='lat' dir='ltr'>est</span> <span class='ocrx_word' id='word_1_444' title='bbox 1345 452 1497 512; x_wconf 78' lang='lat' dir='ltr'>necessitas.)</span> <span class='ocrx_word' id='word_1_445' title='bbox 1530 451 1608 501; x_wconf 89' lang='lat' dir='ltr'><strong>Simul</strong></span> 
     </span>
     <span class='ocr_line' id='line_1_57' title="bbox 997 539 1625 600; baseline 0.003 -12"><span class='ocrx_word' id='word_1_446' title='bbox 997 539 1126 597; x_wconf 86' lang='lat' dir='ltr'><strong>secedens,</strong></span> <span class='ocrx_word' id='word_1_447' title='bbox 1140 540 1259 588; x_wconf 83' lang='lat' dir='ltr'><strong>Renunlia</strong></span> <span class='ocrx_word' id='word_1_448' title='bbox 1268 539 1502 600; x_wconf 81' lang='lat' dir='ltr'><strong>dominae,dioebat,</strong></span> <span class='ocrx_word' id='word_1_449' title='bbox 1511 553 1550 592; x_wconf 88' lang='lat' dir='ltr'>me</span> <span class='ocrx_word' id='word_1_450' title='bbox 1564 541 1625 590; x_wconf 82' lang='lat' dir='ltr'><strong>velle</strong></span> 
     </span>
     <span class='ocr_line' id='line_1_58' title="bbox 997 627 1426 690; baseline 0.002 -15"><span class='ocrx_word' id='word_1_451' title='bbox 997 627 1047 676; x_wconf 90' lang='lat' dir='ltr'><strong>sola</strong></span> <span class='ocrx_word' id='word_1_452' title='bbox 1061 631 1085 676; x_wconf 91' lang='lat' dir='ltr'>et</span> <span class='ocrx_word' id='word_1_453' title='bbox 1097 627 1188 690; x_wconf 85' lang='lat' dir='ltr'><strong>absque</strong></span> <span class='ocrx_word' id='word_1_454' title='bbox 1200 627 1295 677; x_wconf 88' lang='lat' dir='ltr'><strong>arbitris</strong></span> <span class='ocrx_word' id='word_1_455' title='bbox 1306 628 1426 689; x_wconf 84' lang='lat' dir='ltr'><strong>congredi.</strong></span> 
     </span>
    </p>

    <p class='ocr_par' dir='ltr' id='par_1_9' title="bbox 992 716 1627 5202">
     <span class='ocr_line' id='line_1_59' title="bbox 1029 716 1627 778; baseline 0.003 -14"><span class='ocrx_word' id='word_1_456' title='bbox 1029 718 1115 765; x_wconf 85' lang='lat' dir='ltr'><strong>lllllll.</strong></span> <span class='ocrx_word' id='word_1_457' title='bbox 1133 716 1197 764; x_wconf 91' lang='lat' dir='ltr'><strong>Illud</strong></span> <span class='ocrx_word' id='word_1_458' title='bbox 1220 729 1271 765; x_wconf 70' lang='lat' dir='ltr'><strong>osse</strong></span> <span class='ocrx_word' id='word_1_459' title='bbox 1286 719 1372 778; x_wconf 90' lang='lat' dir='ltr'><strong>putans</strong></span> <span class='ocrx_word' id='word_1_460' title='bbox 1385 728 1445 764; x_wconf 88' lang='lat' dir='ltr'><strong>anus</strong></span> <span class='ocrx_word' id='word_1_461' title='bbox 1463 718 1488 766; x_wconf 89' lang='lat' dir='ltr'>el</span> <span class='ocrx_word' id='word_1_462' title='bbox 1502 717 1627 766; x_wconf 73' lang='lat' dir='ltr'><strong>succubuit</strong></span> 
     </span>
     <span class='ocr_line' id='line_1_60' title="bbox 996 803 1624 873; baseline 0.003 -20"><span class='ocrx_word' id='word_1_463' title='bbox 996 818 1066 865; x_wconf 88' lang='lat' dir='ltr'><strong>nem,</strong></span> <span class='ocrx_word' id='word_1_464' title='bbox 1077 803 1179 854; x_wconf 82' lang='lat' dir='ltr'><strong>recurrit</strong></span> <span class='ocrx_word' id='word_1_465' title='bbox 1192 804 1223 853; x_wconf 89' lang='lat' dir='ltr'>ad</span> <span class='ocrx_word' id='word_1_466' title='bbox 1239 809 1342 853; x_wconf 75' lang='lat' dir='ltr'><strong>Arsacen</strong></span> <span class='ocrx_word' id='word_1_467' title='bbox 1354 822 1359 849; x_wconf 93' lang='lat'><strong>:</strong></span> <span class='ocrx_word' id='word_1_468' title='bbox 1371 807 1396 853; x_wconf 88' lang='grc' dir='ltr'>ει</span> <span class='ocrx_word' id='word_1_469' title='bbox 1407 805 1535 873; x_wconf 82' lang='lat' dir='ltr'><strong>oumjussa</strong></span> <span class='ocrx_word' id='word_1_470' title='bbox 1545 808 1624 868; x_wconf 85' lang='lat' dir='ltr'><strong>esset,</strong></span> 
     </span>
     <span class='ocr_line' id='line_1_61' title="bbox 997 892 1627 955; baseline -0.006 -13"><span class='ocrx_word' id='word_1_471' title='bbox 997 906 1053 942; x_wconf 88' lang='lat' dir='ltr'>nam</span> <span class='ocrx_word' id='word_1_472' title='bbox 1065 893 1197 943; x_wconf 88' lang='lat' dir='ltr'><strong>adduceret</strong></span> <span class='ocrx_word' id='word_1_473' title='bbox 1214 893 1342 955; x_wconf 81' lang='lat' dir='ltr'><strong>juvenem,</strong></span> <span class='ocrx_word' id='word_1_474' title='bbox 1358 893 1391 942; x_wconf 89' lang='lat' dir='ltr'>ita</span> <span class='ocrx_word' id='word_1_475' title='bbox 1406 892 1516 944; x_wconf 76' lang='lat' dir='ltr'><strong>faciebat.</strong></span> <span class='ocrx_word' id='word_1_476' title='bbox 1549 895 1610 944; x_wconf 82' lang='lat' dir='ltr'>Nam</span> <span class='ocrx_word' id='word_1_477' title='bbox 1626 928 1627 938; x_wconf 68' lang='grc'>,</span> 
     </span>
     <span class='ocr_line' id='line_1_62' title="bbox 997 981 1626 1044; baseline 0.003 -14"><span class='ocrx_word' id='word_1_478' title='bbox 997 982 1131 1044; x_wconf 87' lang='lat' dir='ltr'><strong>imperans,</strong></span> <span class='ocrx_word' id='word_1_479' title='bbox 1146 984 1173 1031; x_wconf 93' lang='lat' dir='ltr'>ut</span> <span class='ocrx_word' id='word_1_480' title='bbox 1185 983 1291 1044; x_wconf 89' lang='lat' dir='ltr'><strong>quietem</strong></span> <span class='ocrx_word' id='word_1_481' title='bbox 1303 982 1408 1030; x_wconf 75' lang='lat' dir='ltr'><strong>dominae</strong></span> <span class='ocrx_word' id='word_1_482' title='bbox 1419 981 1592 1041; x_wconf 76' lang='lat' dir='ltr'><strong>concederent,</strong></span> <span class='ocrx_word' id='word_1_483' title='bbox 1602 985 1626 1032; x_wconf 88' lang='lat' dir='ltr'>et</span> 
     </span>
     <span class='ocr_line' id='line_1_63' title="bbox 997 1069 1627 1128; baseline 0.002 -10"><span class='ocrx_word' id='word_1_484' title='bbox 997 1071 1123 1119; x_wconf 86' lang='lat' dir='ltr'><strong>tuerentur</strong></span> <span class='ocrx_word' id='word_1_485' title='bbox 1145 1069 1209 1119; x_wconf 90' lang='lat' dir='ltr'><strong>circa</strong></span> <span class='ocrx_word' id='word_1_486' title='bbox 1224 1070 1371 1128; x_wconf 79' lang='lat' dir='ltr'><strong>thalamum,</strong></span> <span class='ocrx_word' id='word_1_487' title='bbox 1392 1071 1455 1119; x_wconf 88' lang='lat' dir='ltr'><strong>ciam</strong></span> <span class='ocrx_word' id='word_1_488' title='bbox 1470 1070 1627 1119; x_wconf 71' lang='lat' dir='ltr'><strong>introduxit]</strong></span> 
     </span>
     <span class='ocr_line' id='line_1_64' title="bbox 996 1157 1626 1222; baseline 0.002 -15"><span class='ocrx_word' id='word_1_489' title='bbox 996 1171 1053 1208; x_wconf 92' lang='lat' dir='ltr'>cum</span> <span class='ocrx_word' id='word_1_490' title='bbox 1077 1157 1170 1220; x_wconf 89' lang='lat' dir='ltr'><strong>reliqua</strong></span> <span class='ocrx_word' id='word_1_491' title='bbox 1190 1158 1273 1207; x_wconf 86' lang='lat' dir='ltr'><strong>omnia</strong></span> <span class='ocrx_word' id='word_1_492' title='bbox 1288 1163 1403 1221; x_wconf 83' lang='lat' dir='ltr'><strong>tanquam</strong></span> <span class='ocrx_word' id='word_1_493' title='bbox 1421 1160 1540 1208; x_wconf 89' lang='lat' dir='ltr'><strong>nocturno</strong></span> <span class='ocrx_word' id='word_1_494' title='bbox 1559 1160 1626 1222; x_wconf 87' lang='lat' dir='ltr'><strong>temp</strong></span> 
     </span>
     <span class='ocr_line' id='line_1_65' title="bbox 997 1247 1627 1310; baseline 0 -13"><span class='ocrx_word' id='word_1_495' title='bbox 997 1247 1177 1297; x_wconf 81' lang='lat' dir='ltr'><strong>continerentur</strong></span> <span class='ocrx_word' id='word_1_496' title='bbox 1194 1250 1219 1297; x_wconf 91' lang='lat' dir='ltr'>et</span> <span class='ocrx_word' id='word_1_497' title='bbox 1241 1248 1336 1296; x_wconf 82' lang='lat' dir='ltr'><strong>occuito</strong></span> <span class='ocrx_word' id='word_1_498' title='bbox 1356 1261 1407 1296; x_wconf 83' lang='lat' dir='ltr'><strong>esse</strong></span> <span class='ocrx_word' id='word_1_499' title='bbox 1428 1247 1522 1310; x_wconf 80' lang='lat' dir='ltr'><strong>quaevis</strong></span> <span class='ocrx_word' id='word_1_500' title='bbox 1540 1249 1627 1310; x_wconf 82' lang='lat' dir='ltr'><strong>paterer</strong></span> 
     </span>
     <span class='ocr_line' id='line_1_66' title="bbox 996 1335 1627 1398; baseline 0.002 -14"><span class='ocrx_word' id='word_1_501' title='bbox 996 1339 1078 1386; x_wconf 89' lang='lat' dir='ltr'><strong>autem</strong></span> <span class='ocrx_word' id='word_1_502' title='bbox 1092 1336 1227 1386; x_wconf 79' lang='lat' dir='ltr'><strong>illaiamum</strong></span> <span class='ocrx_word' id='word_1_503' title='bbox 1242 1335 1345 1398; x_wconf 80' lang='lat' dir='ltr'><strong>lychnus</strong></span> <span class='ocrx_word' id='word_1_504' title='bbox 1363 1335 1501 1384; x_wconf 89' lang='lat' dir='ltr'><strong>illustraret.</strong></span> <span class='ocrx_word' id='word_1_505' title='bbox 1536 1337 1598 1385; x_wconf 74' lang='grc' dir='ltr'>θυαε</span> <span class='ocrx_word' id='word_1_506' title='bbox 1613 1351 1627 1385; x_wconf 92' lang='lat' dir='ltr'>a</span> 
     </span>
     <span class='ocr_line' id='line_1_67' title="bbox 996 1424 1627 1487; baseline 0.002 -14"><span class='ocrx_word' id='word_1_507' title='bbox 996 1424 1117 1485; x_wconf 79' lang='lat' dir='ltr'><strong>duxisset,</strong></span> <span class='ocrx_word' id='word_1_508' title='bbox 1135 1424 1285 1473; x_wconf 89' lang='lat' dir='ltr'><strong>subducebat</strong></span> <span class='ocrx_word' id='word_1_509' title='bbox 1297 1437 1356 1473; x_wconf 86' lang='lat' dir='ltr'><strong>sese.</strong></span> <span class='ocrx_word' id='word_1_510' title='bbox 1390 1427 1482 1473; x_wconf 85' lang='lat' dir='ltr'><strong>verum</strong></span> <span class='ocrx_word' id='word_1_511' title='bbox 1496 1424 1627 1487; x_wconf 76' lang='lat' dir='ltr'><strong>Thengeuei</strong></span> 
     </span>
     <span class='ocr_line' id='line_1_68' title="bbox 998 1512 1627 1576; baseline -0.005 -13"><span class='ocrx_word' id='word_1_512' title='bbox 998 1513 1065 1563; x_wconf 86' lang='lat' dir='ltr'><strong>buit:</strong></span> <span class='ocrx_word' id='word_1_513' title='bbox 1080 1512 1148 1563; x_wconf 86' lang='lat' dir='ltr'><strong>Adsit</strong></span> <span class='ocrx_word' id='word_1_514' title='bbox 1162 1516 1186 1563; x_wconf 89' lang='lat' dir='ltr'>et</span> <span class='ocrx_word' id='word_1_515' title='bbox 1198 1513 1287 1576; x_wconf 81' lang='lat' dir='ltr'><strong>cybele</strong></span> <span class='ocrx_word' id='word_1_516' title='bbox 1303 1513 1327 1561; x_wconf 90' lang='lat' dir='ltr'>in</span> <span class='ocrx_word' id='word_1_517' title='bbox 1340 1513 1480 1575; x_wconf 73' lang='lat' dir='ltr'><strong>presentie,</strong></span> <span class='ocrx_word' id='word_1_518' title='bbox 1494 1512 1606 1572; x_wconf 88' lang='lat' dir='ltr'><strong>domina,</strong></span> <span class='ocrx_word' id='word_1_519' title='bbox 1622 1530 1627 1560; x_wconf 87' lang='lat' dir='ltr'><strong>l</strong></span> 
     </span>
     <span class='ocr_line' id='line_1_69' title="bbox 996 1600 1627 1665; baseline -0.003 -14"><span class='ocrx_word' id='word_1_520' title='bbox 996 1603 1074 1663; x_wconf 82' lang='lat' dir='ltr'><strong>enim,</strong></span> <span class='ocrx_word' id='word_1_521' title='bbox 1087 1601 1153 1665; x_wconf 90' lang='lat' dir='ltr'><strong>quod</strong></span> <span class='ocrx_word' id='word_1_522' title='bbox 1165 1601 1278 1663; x_wconf 81' lang='lat' dir='ltr'><strong>singulari</strong></span> <span class='ocrx_word' id='word_1_523' title='bbox 1301 1600 1347 1651; x_wconf 83' lang='lat' dir='ltr'><strong>side</strong></span> <span class='ocrx_word' id='word_1_524' title='bbox 1365 1601 1389 1650; x_wconf 95' lang='lat' dir='ltr'>in</span> <span class='ocrx_word' id='word_1_525' title='bbox 1405 1602 1555 1651; x_wconf 78' lang='lat' dir='ltr'><strong>asservandis</strong></span> <span class='ocrx_word' id='word_1_526' title='bbox 1572 1615 1627 1649; x_wconf 88' lang='lat' dir='ltr'><strong>arca</strong></span> 
     </span>
     <span class='ocr_line' id='line_1_70' title="bbox 997 1689 1616 1751; baseline -0.002 -12"><span class='ocrx_word' id='word_1_527' title='bbox 997 1696 1032 1741; x_wconf 91' lang='lat' dir='ltr'>est</span> <span class='ocrx_word' id='word_1_528' title='bbox 1044 1705 1049 1738; x_wconf 94' lang='lat'><strong>:</strong></span> <span class='ocrx_word' id='word_1_529' title='bbox 1063 1695 1089 1739; x_wconf 88' lang='lat' dir='ltr'>et</span> <span class='ocrx_word' id='word_1_530' title='bbox 1100 1691 1170 1739; x_wconf 89' lang='lat' dir='ltr'><strong>simui</strong></span> <span class='ocrx_word' id='word_1_531' title='bbox 1184 1703 1270 1739; x_wconf 86' lang='lat' dir='ltr'><strong>manus</strong></span> <span class='ocrx_word' id='word_1_532' title='bbox 1281 1695 1379 1738; x_wconf 76' lang='lat' dir='ltr'><strong>Arsaces</strong></span> <span class='ocrx_word' id='word_1_533' title='bbox 1387 1689 1583 1751; x_wconf 82' lang='lat' dir='ltr'><strong>apprehendens,</strong></span> <span class='ocrx_word' id='word_1_534' title='bbox 1595 1693 1616 1738; x_wconf 94' lang='lat'>0</span> 
     </span>
     <span class='ocr_line' id='line_1_71' title="bbox 996 1778 1627 1840; baseline -0.006 -13"><span class='ocrx_word' id='word_1_535' title='bbox 996 1779 1080 1838; x_wconf 83' lang='lat' dir='ltr'><strong>cebet,</strong></span> <span class='ocrx_word' id='word_1_536' title='bbox 1095 1792 1173 1840; x_wconf 86' lang='lat' dir='ltr'><strong>neque</strong></span> <span class='ocrx_word' id='word_1_537' title='bbox 1187 1779 1253 1840; x_wconf 91' lang='lat' dir='ltr'><strong>prius</strong></span> <span class='ocrx_word' id='word_1_538' title='bbox 1264 1791 1292 1827; x_wconf 87' lang='lat' dir='ltr'>eo</span> <span class='ocrx_word' id='word_1_539' title='bbox 1306 1779 1333 1826; x_wconf 94' lang='lat' dir='ltr'>ut</span> <span class='ocrx_word' id='word_1_540' title='bbox 1345 1778 1478 1827; x_wconf 85' lang='lat' dir='ltr'><strong>resisterem</strong></span> <span class='ocrx_word' id='word_1_541' title='bbox 1493 1778 1612 1827; x_wconf 83' lang='lat' dir='ltr'><strong>voluntati</strong></span> <span class='ocrx_word' id='word_1_542' title='bbox 1624 1786 1627 1823; x_wconf 86' lang='grc' dir='ltr'>ι</span> 
     </span>
     <span class='ocr_line' id='line_1_72' title="bbox 997 1865 1627 1928; baseline -0.005 -13"><span class='ocrx_word' id='word_1_543' title='bbox 997 1867 1053 1915; x_wconf 88' lang='lat' dir='ltr'><strong>barn</strong></span> <span class='ocrx_word' id='word_1_544' title='bbox 1064 1866 1087 1915; x_wconf 93' lang='lat' dir='ltr'>id</span> <span class='ocrx_word' id='word_1_545' title='bbox 1098 1903 1105 1928; x_wconf 88' lang='lat'><strong>,</strong></span> <span class='ocrx_word' id='word_1_546' title='bbox 1118 1866 1184 1928; x_wconf 91' lang='lat' dir='ltr'><strong>qnod</strong></span> <span class='ocrx_word' id='word_1_547' title='bbox 1197 1867 1257 1914; x_wconf 88' lang='lat' dir='ltr'><strong>mihi</strong></span> <span class='ocrx_word' id='word_1_548' title='bbox 1269 1865 1441 1928; x_wconf 81' lang='lat' dir='ltr'><strong>imperabatur,</strong></span> <span class='ocrx_word' id='word_1_549' title='bbox 1455 1865 1496 1915; x_wconf 90' lang='lat' dir='ltr'>sed</span> <span class='ocrx_word' id='word_1_550' title='bbox 1507 1866 1536 1914; x_wconf 90' lang='lat' dir='ltr'>ut</span> <span class='ocrx_word' id='word_1_551' title='bbox 1553 1867 1627 1915; x_wconf 84' lang='lat' dir='ltr'><strong>securi</strong></span> 
     </span>
     <span class='ocr_line' id='line_1_73' title="bbox 997 1956 1627 2019; baseline -0.002 -14"><span class='ocrx_word' id='word_1_552' title='bbox 997 1956 1164 2019; x_wconf 62' lang='lat' dir='ltr'><strong>providerem</strong></span> <span class='ocrx_word' id='word_1_553' title='bbox 1175 1967 1240 2004; x_wconf 89' lang='lat' dir='ltr'><strong>nunc</strong></span> <span class='ocrx_word' id='word_1_554' title='bbox 1251 1968 1308 2004; x_wconf 80' lang='lat' dir='ltr'><strong>vero</strong></span> <span class='ocrx_word' id='word_1_555' title='bbox 1321 1958 1449 2017; x_wconf 80' lang='lat' dir='ltr'><strong>postquam</strong></span> <span class='ocrx_word' id='word_1_556' title='bbox 1461 1968 1499 2004; x_wconf 92' lang='lat' dir='ltr'>me</span> <span class='ocrx_word' id='word_1_557' title='bbox 1511 1956 1583 2005; x_wconf 88' lang='lat' dir='ltr'><strong>etiam</strong></span> <span class='ocrx_word' id='word_1_558' title='bbox 1596 1967 1627 2004; x_wconf 83' lang='lat' dir='ltr'>sei</span> 
     </span>
     <span class='ocr_line' id='line_1_74' title="bbox 996 2043 1627 2107; baseline -0.003 -13"><span class='ocrx_word' id='word_1_559' title='bbox 996 2044 1112 2106; x_wconf 77' lang='lat' dir='ltr'><strong>singulari</strong></span> <span class='ocrx_word' id='word_1_560' title='bbox 1123 2044 1227 2107; x_wconf 89' lang='lat' dir='ltr'><strong>quodam</strong></span> <span class='ocrx_word' id='word_1_561' title='bbox 1239 2043 1353 2092; x_wconf 81' lang='lat' dir='ltr'><strong>beneficio</strong></span> <span class='ocrx_word' id='word_1_562' title='bbox 1362 2043 1457 2093; x_wconf 71' lang='lat' dir='ltr'><strong>inmune</strong></span> <span class='ocrx_word' id='word_1_563' title='bbox 1472 2043 1627 2104; x_wconf 82' lang='lat' dir='ltr'><strong>declaravit,</strong></span> 
     </span>
     <span class='ocr_line' id='line_1_75' title="bbox 997 2131 1627 2194; baseline -0.003 -12"><span class='ocrx_word' id='word_1_564' title='bbox 997 2134 1046 2182; x_wconf 90' lang='lat' dir='ltr'><strong>tior</strong></span> <span class='ocrx_word' id='word_1_565' title='bbox 1057 2146 1112 2181; x_wconf 90' lang='lat' dir='ltr'><strong>suro</strong></span> <span class='ocrx_word' id='word_1_566' title='bbox 1126 2132 1157 2181; x_wconf 91' lang='lat' dir='ltr'>ad</span> <span class='ocrx_word' id='word_1_567' title='bbox 1174 2131 1357 2194; x_wconf 86' lang='lat' dir='ltr'><strong>obsequendum</strong></span> <span class='ocrx_word' id='word_1_568' title='bbox 1371 2131 1415 2180; x_wconf 91' lang='lat' dir='ltr'><strong>tihi</strong></span> <span class='ocrx_word' id='word_1_569' title='bbox 1429 2132 1542 2180; x_wconf 92' lang='lat' dir='ltr'><strong>omnihus</strong></span> <span class='ocrx_word' id='word_1_570' title='bbox 1552 2132 1577 2180; x_wconf 91' lang='lat' dir='ltr'>in</span> <span class='ocrx_word' id='word_1_571' title='bbox 1589 2132 1627 2181; x_wconf 84' lang='lat' dir='ltr'>rei</span> 
     </span>
     <span class='ocr_line' id='line_1_76' title="bbox 997 2219 1627 2281; baseline -0.002 -12"><span class='ocrx_word' id='word_1_572' title='bbox 997 2221 1055 2269; x_wconf 84' lang='lat' dir='ltr'><strong>milri</strong></span> <span class='ocrx_word' id='word_1_573' title='bbox 1070 2224 1166 2270; x_wconf 90' lang='lat' dir='ltr'><strong>tantum</strong></span> <span class='ocrx_word' id='word_1_574' title='bbox 1183 2223 1207 2269; x_wconf 93' lang='lat' dir='ltr'>te</span> <span class='ocrx_word' id='word_1_575' title='bbox 1227 2220 1364 2280; x_wconf 82' lang='lat' dir='ltr'><strong>largituram</strong></span> <span class='ocrx_word' id='word_1_576' title='bbox 1375 2233 1470 2280; x_wconf 90' lang='lat' dir='ltr'><strong>annue,</strong></span> <span class='ocrx_word' id='word_1_577' title='bbox 1482 2233 1539 2268; x_wconf 90' lang='lat' dir='ltr'>cum</span> <span class='ocrx_word' id='word_1_578' title='bbox 1557 2219 1627 2281; x_wconf 88' lang='lat' dir='ltr'><strong>quide</strong></span> 
     </span>
     <span class='ocr_line' id='line_1_77' title="bbox 997 2308 1625 2373; baseline -0.005 -14"><span class='ocrx_word' id='word_1_579' title='bbox 997 2323 1082 2372; x_wconf 86' lang='lat' dir='ltr'><strong>magna</strong></span> <span class='ocrx_word' id='word_1_580' title='bbox 1098 2310 1250 2373; x_wconf 78' lang='lat' dir='ltr'><strong>promiseris:</strong></span> <span class='ocrx_word' id='word_1_581' title='bbox 1264 2309 1375 2358; x_wconf 83' lang='lat' dir='ltr'><strong>renuntia</strong></span> <span class='ocrx_word' id='word_1_582' title='bbox 1383 2308 1479 2370; x_wconf 90' lang='lat' dir='ltr'><strong>nuptias</strong></span> <span class='ocrx_word' id='word_1_583' title='bbox 1493 2308 1625 2357; x_wconf 70' lang='lat' dir='ltr'><strong>Chariclen</strong></span> 
     </span>
     <span class='ocr_line' id='line_1_78' title="bbox 996 2397 1627 2459; baseline -0.006 -10"><span class='ocrx_word' id='word_1_584' title='bbox 996 2402 1057 2449; x_wconf 81' lang='lat' dir='ltr'><strong>llam</strong></span> <span class='ocrx_word' id='word_1_585' title='bbox 1069 2403 1096 2448; x_wconf 94' lang='lat' dir='ltr'>ut</span> <span class='ocrx_word' id='word_1_586' title='bbox 1112 2399 1158 2447; x_wconf 87' lang='lat' dir='ltr'><strong>alia</strong></span> <span class='ocrx_word' id='word_1_587' title='bbox 1169 2400 1276 2456; x_wconf 90' lang='lat' dir='ltr'><strong>taceam,</strong></span> <span class='ocrx_word' id='word_1_588' title='bbox 1290 2411 1358 2457; x_wconf 91' lang='lat' dir='ltr'><strong>eam,</strong></span> <span class='ocrx_word' id='word_1_589' title='bbox 1370 2411 1425 2459; x_wconf 79' lang='lat' dir='ltr'><strong>qum</strong></span> <span class='ocrx_word' id='word_1_590' title='bbox 1436 2397 1564 2459; x_wconf 83' lang='lat' dir='ltr'><strong>splendore</strong></span> <span class='ocrx_word' id='word_1_591' title='bbox 1574 2411 1627 2446; x_wconf 75' lang='lat' dir='ltr'><strong>ruas</strong></span> 
     </span>
     <span class='ocr_line' id='line_1_79' title="bbox 996 2487 1627 2562; baseline -0.01 -25"><span class='ocrx_word' id='word_1_592' title='bbox 996 2487 1107 2547; x_wconf 82' lang='lat' dir='ltr'><strong>excellit,</strong></span> <span class='ocrx_word' id='word_1_593' title='bbox 1121 2500 1200 2536; x_wconf 78' lang='lat' dir='ltr'><strong>rmnae</strong></span> <span class='ocrx_word' id='word_1_594' title='bbox 1215 2487 1352 2562; x_wconf 83' lang='lat' dir='ltr'><strong>cohabitare</strong></span> <span class='ocrx_word' id='word_1_595' title='bbox 1372 2487 1408 2534; x_wconf 89' lang='lat' dir='ltr'>las</span> <span class='ocrx_word' id='word_1_596' title='bbox 1420 2499 1468 2535; x_wconf 92' lang='lat' dir='ltr'><strong>nou</strong></span> <span class='ocrx_word' id='word_1_597' title='bbox 1483 2487 1527 2534; x_wconf 86' lang='lat' dir='ltr'><strong>est.</strong></span> <span class='ocrx_word' id='word_1_598' title='bbox 1560 2487 1627 2547; x_wconf 87' lang='lat' dir='ltr'><strong>Aiioq</strong></span> 
     </span>
     <span class='ocr_line' id='line_1_80' title="bbox 996 2574 1627 2639; baseline -0.002 -15"><span class='ocrx_word' id='word_1_599' title='bbox 996 2589 1038 2639; x_wconf 89' lang='lat' dir='ltr'>per</span> <span class='ocrx_word' id='word_1_600' title='bbox 1052 2576 1153 2626; x_wconf 87' lang='lat' dir='ltr'><strong>deorum</strong></span> <span class='ocrx_word' id='word_1_601' title='bbox 1164 2577 1368 2639; x_wconf 90' lang='lat' dir='ltr'><strong>pulcherrimum,</strong></span> <span class='ocrx_word' id='word_1_602' title='bbox 1379 2574 1472 2633; x_wconf 88' lang='lat' dir='ltr'><strong>solem,</strong></span> <span class='ocrx_word' id='word_1_603' title='bbox 1482 2577 1507 2622; x_wconf 91' lang='lat' dir='ltr'>et</span> <span class='ocrx_word' id='word_1_604' title='bbox 1522 2574 1627 2635; x_wconf 79' lang='lat' dir='ltr'><strong>reliquos</strong></span> 
     </span>
     <span class='ocr_line' id='line_1_81' title="bbox 997 2662 1627 2727; baseline -0.005 -14"><span class='ocrx_word' id='word_1_605' title='bbox 997 2678 1076 2727; x_wconf 90' lang='lat' dir='ltr'><strong>neque</strong></span> <span class='ocrx_word' id='word_1_606' title='bbox 1087 2679 1180 2714; x_wconf 88' lang='lat' dir='ltr'><strong>morem</strong></span> <span class='ocrx_word' id='word_1_607' title='bbox 1193 2678 1273 2726; x_wconf 78' lang='lat' dir='ltr'><strong>geram</strong></span> <span class='ocrx_word' id='word_1_608' title='bbox 1284 2668 1332 2714; x_wconf 84' lang='lat' dir='ltr'>tuae</span> <span class='ocrx_word' id='word_1_609' title='bbox 1345 2663 1480 2723; x_wconf 78' lang='lat' dir='ltr'><strong>volrrntati,</strong></span> <span class='ocrx_word' id='word_1_610' title='bbox 1493 2665 1517 2711; x_wconf 92' lang='lat' dir='ltr'>et</span> <span class='ocrx_word' id='word_1_611' title='bbox 1533 2662 1599 2724; x_wconf 90' lang='lat' dir='ltr'><strong>quod</strong></span> <span class='ocrx_word' id='word_1_612' title='bbox 1617 2676 1627 2724; x_wconf 82' lang='lat' dir='ltr'><strong>p</strong></span> 
     </span>
     <span class='ocr_line' id='line_1_82' title="bbox 997 2751 1627 2816; baseline -0.005 -14"><span class='ocrx_word' id='word_1_613' title='bbox 997 2753 1077 2816; x_wconf 89' lang='lat' dir='ltr'><strong>aliqua</strong></span> <span class='ocrx_word' id='word_1_614' title='bbox 1089 2754 1223 2803; x_wconf 78' lang='lat' dir='ltr'><strong>chariclea·</strong></span> <span class='ocrx_word' id='word_1_615' title='bbox 1233 2756 1270 2802; x_wconf 81' lang='lat' dir='ltr'>uis</span> <span class='ocrx_word' id='word_1_616' title='bbox 1281 2754 1354 2802; x_wconf 89' lang='lat' dir='ltr'><strong>allata</strong></span> <span class='ocrx_word' id='word_1_617' title='bbox 1371 2752 1456 2810; x_wconf 88' lang='lat' dir='ltr'><strong>luerit,</strong></span> <span class='ocrx_word' id='word_1_618' title='bbox 1470 2751 1551 2799; x_wconf 81' lang='lat' dir='ltr'><strong>visura</strong></span> <span class='ocrx_word' id='word_1_619' title='bbox 1562 2751 1595 2799; x_wconf 79' lang='lat' dir='ltr'>sis</span> <span class='ocrx_word' id='word_1_620' title='bbox 1611 2764 1627 2799; x_wconf 93' lang='lat' dir='ltr'><strong>n</strong></span> 
     </span>
     <span class='ocr_line' id='line_1_83' title="bbox 997 2838 1627 2898; baseline -0.002 -9"><span class='ocrx_word' id='word_1_621' title='bbox 997 2843 1099 2890; x_wconf 87' lang='lat' dir='ltr'><strong>mortem</strong></span> <span class='ocrx_word' id='word_1_622' title='bbox 1110 2841 1259 2890; x_wconf 80' lang='lat' dir='ltr'><strong>conscivisse.</strong></span> <span class='ocrx_word' id='word_1_623' title='bbox 1293 2843 1482 2898; x_wconf 87' lang='lat' dir='ltr'><strong>Arsaceautem,</strong></span> <span class='ocrx_word' id='word_1_624' title='bbox 1493 2838 1562 2888; x_wconf 87' lang='lat' dir='ltr'><strong>ilaud</strong></span> <span class='ocrx_word' id='word_1_625' title='bbox 1577 2839 1627 2888; x_wconf 69' lang='lat' dir='ltr'><strong>alita</strong></span> 
     </span>
     <span class='ocr_line' id='line_1_84' title="bbox 997 2927 1627 2992; baseline -0.003 -14"><span class='ocrx_word' id='word_1_626' title='bbox 997 2929 1089 2991; x_wconf 90' lang='lat' dir='ltr'><strong>inquil,</strong></span> <span class='ocrx_word' id='word_1_627' title='bbox 1104 2942 1178 2992; x_wconf 90' lang='lat' dir='ltr'><strong>quam</strong></span> <span class='ocrx_word' id='word_1_628' title='bbox 1197 2942 1236 2978; x_wconf 89' lang='lat' dir='ltr'>me</span> <span class='ocrx_word' id='word_1_629' title='bbox 1252 2929 1314 2978; x_wconf 79' lang='lat' dir='ltr'><strong>velie</strong></span> <span class='ocrx_word' id='word_1_630' title='bbox 1329 2928 1373 2978; x_wconf 90' lang='lat' dir='ltr'><strong>tibi</strong></span> <span class='ocrx_word' id='word_1_631' title='bbox 1387 2928 1499 2978; x_wconf 89' lang='lat' dir='ltr'><strong>omnihus</strong></span> <span class='ocrx_word' id='word_1_632' title='bbox 1509 2928 1534 2977; x_wconf 92' lang='lat' dir='ltr'>in</span> <span class='ocrx_word' id='word_1_633' title='bbox 1555 2927 1627 2976; x_wconf 89' lang='lat' dir='ltr'><strong>rebus</strong></span> 
     </span>
     <span class='ocr_line' id='line_1_85' title="bbox 997 3017 1627 3081; baseline -0.003 -15"><span class='ocrx_word' id='word_1_634' title='bbox 997 3020 1089 3081; x_wconf 84' lang='lat' dir='ltr'><strong>utquee</strong></span> <span class='ocrx_word' id='word_1_635' title='bbox 1103 3021 1185 3080; x_wconf 86' lang='lat' dir='ltr'><strong>parata</strong></span> <span class='ocrx_word' id='word_1_636' title='bbox 1199 3017 1244 3067; x_wconf 92' lang='lat' dir='ltr'>sim</span> <span class='ocrx_word' id='word_1_637' title='bbox 1264 3019 1301 3066; x_wconf 83' lang='lat' dir='ltr'>vel</span> <span class='ocrx_word' id='word_1_638' title='bbox 1316 3031 1355 3066; x_wconf 91' lang='lat' dir='ltr'>me</span> <span class='ocrx_word' id='word_1_639' title='bbox 1368 3018 1442 3079; x_wconf 89' lang='lat' dir='ltr'><strong>ipsam</strong></span> <span class='ocrx_word' id='word_1_640' title='bbox 1459 3017 1501 3065; x_wconf 90' lang='lat' dir='ltr'><strong>tihi</strong></span> <span class='ocrx_word' id='word_1_641' title='bbox 1515 3017 1611 3066; x_wconf 88' lang='lat' dir='ltr'><strong>tradere</strong></span> <span class='ocrx_word' id='word_1_642' title='bbox 1625 3037 1627 3064; x_wconf 63' lang='grc' dir='ltr'>ι</span> 
     </span>
     <span class='ocr_line' id='line_1_86' title="bbox 998 3104 1627 3168; baseline 0 -14"><span class='ocrx_word' id='word_1_643' title='bbox 998 3109 1053 3168; x_wconf 82' lang='lat' dir='ltr'><strong>patu</strong></span> <span class='ocrx_word' id='word_1_644' title='bbox 1073 3106 1166 3168; x_wconf 77' lang='lat' dir='ltr'><strong>iurari,</strong></span> <span class='ocrx_word' id='word_1_645' title='bbox 1182 3119 1221 3155; x_wconf 93' lang='lat' dir='ltr'>me</span> <span class='ocrx_word' id='word_1_646' title='bbox 1249 3107 1395 3155; x_wconf 90' lang='lat' dir='ltr'><strong>elocaturam</strong></span> <span class='ocrx_word' id='word_1_647' title='bbox 1417 3104 1553 3154; x_wconf 73' lang='lat' dir='ltr'><strong>Achomeni</strong></span> <span class='ocrx_word' id='word_1_648' title='bbox 1576 3119 1627 3154; x_wconf 91' lang='lat' dir='ltr'><strong>soro</strong></span> 
     </span>
     <span class='ocr_line' id='line_1_87' title="bbox 997 3194 1627 3257; baseline -0.005 -12"><span class='ocrx_word' id='word_1_649' title='bbox 997 3198 1061 3245; x_wconf 85' lang='lat' dir='ltr'><strong>Bene</strong></span> <span class='ocrx_word' id='word_1_650' title='bbox 1072 3209 1142 3244; x_wconf 89' lang='lat' dir='ltr'><strong>seres</strong></span> <span class='ocrx_word' id='word_1_651' title='bbox 1150 3194 1235 3255; x_wconf 88' lang='lat' dir='ltr'><strong>hahet,</strong></span> <span class='ocrx_word' id='word_1_652' title='bbox 1245 3194 1339 3257; x_wconf 88' lang='lat' dir='ltr'><strong>inquit,</strong></span> <span class='ocrx_word' id='word_1_653' title='bbox 1352 3194 1457 3244; x_wconf 88' lang='lat' dir='ltr'><strong>domina.</strong></span> <span class='ocrx_word' id='word_1_654' title='bbox 1490 3197 1602 3244; x_wconf 85' lang='lat' dir='ltr'><strong>Sororem</strong></span> <span class='ocrx_word' id='word_1_655' title='bbox 1615 3194 1627 3254; x_wconf 74' lang='lat' dir='ltr'><strong>l</strong></span> 
     </span>
     <span class='ocr_line' id='line_1_88' title="bbox 997 3282 1627 3346; baseline -0.003 -14"><span class='ocrx_word' id='word_1_656' title='bbox 997 3296 1150 3346; x_wconf 77' lang='lat' dir='ltr'><strong>quaecunque</strong></span> <span class='ocrx_word' id='word_1_657' title='bbox 1161 3285 1210 3343; x_wconf 90' lang='lat' dir='ltr'><strong>est,</strong></span> <span class='ocrx_word' id='word_1_658' title='bbox 1224 3282 1317 3331; x_wconf 82' lang='lat' dir='ltr'><strong>elocuto</strong></span> <span class='ocrx_word' id='word_1_659' title='bbox 1333 3300 1340 3334; x_wconf 76' lang='grc' dir='ltr'>ι</span> <span class='ocrx_word' id='word_1_660' title='bbox 1358 3290 1465 3332; x_wconf 85' lang='lat' dir='ltr'><strong>celerum</strong></span> <span class='ocrx_word' id='word_1_661' title='bbox 1481 3297 1549 3342; x_wconf 90' lang='lat' dir='ltr'><strong>eam,</strong></span> <span class='ocrx_word' id='word_1_662' title='bbox 1563 3296 1627 3345; x_wconf 91' lang='lat' dir='ltr'><strong>quau</strong></span> 
     </span>
     <span class='ocr_line' id='line_1_89' title="bbox 996 3371 1627 3434; baseline -0.002 -14"><span class='ocrx_word' id='word_1_663' title='bbox 996 3375 1021 3421; x_wconf 89' lang='lat' dir='ltr'>ct</span> <span class='ocrx_word' id='word_1_664' title='bbox 1029 3384 1140 3433; x_wconf 90' lang='lat' dir='ltr'><strong>sponsam</strong></span> <span class='ocrx_word' id='word_1_665' title='bbox 1152 3384 1244 3432; x_wconf 84' lang='lat' dir='ltr'><strong>meam,</strong></span> <span class='ocrx_word' id='word_1_666' title='bbox 1257 3372 1361 3434; x_wconf 86' lang='lat' dir='ltr'><strong>denique</strong></span> <span class='ocrx_word' id='word_1_667' title='bbox 1369 3372 1426 3434; x_wconf 91' lang='lat' dir='ltr'><strong>quid</strong></span> <span class='ocrx_word' id='word_1_668' title='bbox 1437 3371 1503 3420; x_wconf 90' lang='lat' dir='ltr'><strong>aliud</strong></span> <span class='ocrx_word' id='word_1_669' title='bbox 1512 3385 1585 3434; x_wconf 91' lang='lat' dir='ltr'><strong>quam</strong></span> <span class='ocrx_word' id='word_1_670' title='bbox 1595 3385 1627 3419; x_wconf 79' lang='lat' dir='ltr'><strong>ux</strong></span> 
     </span>
     <span class='ocr_line' id='line_1_90' title="bbox 996 3459 1624 3522; baseline -0.002 -14"><span class='ocrx_word' id='word_1_671' title='bbox 996 3472 1074 3521; x_wconf 88' lang='lat' dir='ltr'><strong>neque</strong></span> <span class='ocrx_word' id='word_1_672' title='bbox 1088 3460 1154 3509; x_wconf 82' lang='lat' dir='ltr'><strong>voles</strong></span> <span class='ocrx_word' id='word_1_673' title='bbox 1172 3460 1279 3521; x_wconf 88' lang='lat' dir='ltr'><strong>elocare,</strong></span> <span class='ocrx_word' id='word_1_674' title='bbox 1294 3461 1352 3510; x_wconf 89' lang='lat' dir='ltr'><strong>satis</strong></span> <span class='ocrx_word' id='word_1_675' title='bbox 1370 3459 1434 3519; x_wconf 88' lang='lat' dir='ltr'><strong>scio;</strong></span> <span class='ocrx_word' id='word_1_676' title='bbox 1446 3473 1537 3522; x_wconf 89' lang='lat' dir='ltr'><strong>neque,</strong></span> <span class='ocrx_word' id='word_1_677' title='bbox 1554 3459 1574 3508; x_wconf 88' lang='lat' dir='ltr'>si</span> <span class='ocrx_word' id='word_1_678' title='bbox 1594 3472 1624 3508; x_wconf 82' lang='lat' dir='ltr'>re</span> 
     </span>
     <span class='ocr_line' id='line_1_91' title="bbox 997 3547 1627 3610; baseline -0.003 -12"><span class='ocrx_word' id='word_1_679' title='bbox 997 3550 1092 3610; x_wconf 88' lang='lat' dir='ltr'><strong>poteris.</strong></span> <span class='ocrx_word' id='word_1_680' title='bbox 1126 3549 1269 3608; x_wconf 89' lang='lat' dir='ltr'><strong>Quomodo,</strong></span> <span class='ocrx_word' id='word_1_681' title='bbox 1289 3549 1381 3610; x_wconf 88' lang='lat' dir='ltr'><strong>inquit,</strong></span> <span class='ocrx_word' id='word_1_682' title='bbox 1403 3547 1478 3597; x_wconf 82' lang='lat' dir='ltr'><strong>dicis?</strong></span> <span class='ocrx_word' id='word_1_683' title='bbox 1492 3550 1523 3597; x_wconf 91' lang='lat' dir='ltr'><strong>At</strong></span> <span class='ocrx_word' id='word_1_684' title='bbox 1544 3547 1627 3607; x_wconf 82' lang='lat' dir='ltr'><strong>iile,i</strong></span> 
     </span>
     <span class='ocr_line' id='line_1_92' title="bbox 997 3636 1627 3700; baseline -0.006 -14"><span class='ocrx_word' id='word_1_685' title='bbox 997 3637 1127 3700; x_wconf 78' lang='lat' dir='ltr'><strong>respondit.</strong></span> <span class='ocrx_word' id='word_1_686' title='bbox 1161 3640 1243 3698; x_wconf 81' lang='lat' dir='ltr'><strong>Neque</strong></span> <span class='ocrx_word' id='word_1_687' title='bbox 1257 3637 1319 3685; x_wconf 89' lang='lat' dir='ltr'><strong>enim</strong></span> <span class='ocrx_word' id='word_1_688' title='bbox 1341 3650 1448 3685; x_wconf 87' lang='lat' dir='ltr'><strong>sororem</strong></span> <span class='ocrx_word' id='word_1_689' title='bbox 1466 3636 1541 3685; x_wconf 89' lang='lat' dir='ltr'><strong>haheo</strong></span> <span class='ocrx_word' id='word_1_690' title='bbox 1561 3636 1627 3685; x_wconf 81' lang='lat' dir='ltr'><strong>Cirnr</strong></span> 
     </span>
     <span class='ocr_line' id='line_1_93' title="bbox 995 3723 1625 3787; baseline -0.006 -13"><span class='ocrx_word' id='word_1_691' title='bbox 995 3738 1124 3787; x_wconf 87' lang='lat' dir='ltr'><strong>sponsam,</strong></span> <span class='ocrx_word' id='word_1_692' title='bbox 1134 3725 1278 3774; x_wconf 83' lang='lat' dir='ltr'><strong>utdicebam</strong></span> <span class='ocrx_word' id='word_1_693' title='bbox 1294 3743 1300 3772; x_wconf 74' lang='grc' dir='ltr'>ι</span> <span class='ocrx_word' id='word_1_694' title='bbox 1315 3724 1470 3786; x_wconf 83' lang='lat' dir='ltr'><strong>quamohrem</strong></span> <span class='ocrx_word' id='word_1_695' title='bbox 1484 3723 1625 3784; x_wconf 80' lang='lat' dir='ltr'><strong>jirrejurand</strong></span> 
     </span>
     <span class='ocr_line' id='line_1_94' title="bbox 996 3813 1627 3874; baseline -0.005 -10"><span class='ocrx_word' id='word_1_696' title='bbox 996 3815 1052 3864; x_wconf 91' lang='lat' dir='ltr'><strong>iicet</strong></span> <span class='ocrx_word' id='word_1_697' title='bbox 1062 3827 1119 3864; x_wconf 83' lang='lat' dir='ltr'><strong>uero</strong></span> <span class='ocrx_word' id='word_1_698' title='bbox 1133 3814 1190 3874; x_wconf 88' lang='lat' dir='ltr'><strong>tihi,</strong></span> <span class='ocrx_word' id='word_1_699' title='bbox 1206 3813 1225 3862; x_wconf 90' lang='lat' dir='ltr'>si</span> <span class='ocrx_word' id='word_1_700' title='bbox 1247 3813 1352 3862; x_wconf 84' lang='lat' dir='ltr'><strong>volueris</strong></span> <span class='ocrx_word' id='word_1_701' title='bbox 1366 3815 1390 3862; x_wconf 92' lang='lat' dir='ltr'>et</span> <span class='ocrx_word' id='word_1_702' title='bbox 1403 3813 1468 3860; x_wconf 87' lang='lat' dir='ltr'><strong>atiud</strong></span> <span class='ocrx_word' id='word_1_703' title='bbox 1491 3813 1578 3861; x_wconf 88' lang='lat' dir='ltr'><strong>hahere</strong></span> <span class='ocrx_word' id='word_1_704' title='bbox 1599 3826 1627 3862; x_wconf 85' lang='lat' dir='ltr'>ar</span> 
     </span>
     <span class='ocr_line' id='line_1_95' title="bbox 996 3900 1627 3962; baseline -0.005 -11"><span class='ocrx_word' id='word_1_705' title='bbox 996 3917 1053 3951; x_wconf 78' lang='lat' dir='ltr'><strong>curm</strong></span> <span class='ocrx_word' id='word_1_706' title='bbox 1066 3903 1202 3951; x_wconf 85' lang='lat' dir='ltr'><strong>convivium</strong></span> <span class='ocrx_word' id='word_1_707' title='bbox 1225 3901 1333 3962; x_wconf 90' lang='lat' dir='ltr'><strong>nuptiale</strong></span> <span class='ocrx_word' id='word_1_708' title='bbox 1353 3900 1449 3949; x_wconf 86' lang='lat' dir='ltr'><strong>mihiel</strong></span> <span class='ocrx_word' id='word_1_709' title='bbox 1464 3900 1511 3959; x_wconf 91' lang='lat' dir='ltr'><strong>iili,</strong></span> <span class='ocrx_word' id='word_1_710' title='bbox 1533 3900 1627 3962; x_wconf 88' lang='lat' dir='ltr'><strong>quando</strong></span> 
     </span>
     <span class='ocr_line' id='line_1_96' title="bbox 996 3988 1627 4051; baseline 0.002 -14"><span class='ocrx_word' id='word_1_711' title='bbox 996 3991 1073 4039; x_wconf 82' lang='lat' dir='ltr'><strong>risum</strong></span> <span class='ocrx_word' id='word_1_712' title='bbox 1088 3990 1170 4048; x_wconf 88' lang='lat' dir='ltr'><strong>luerit,</strong></span> <span class='ocrx_word' id='word_1_713' title='bbox 1186 3990 1336 4038; x_wconf 86' lang='lat' dir='ltr'><strong>instruxeris.</strong></span> <span class='ocrx_word' id='word_1_714' title='bbox 1371 3988 1473 4051; x_wconf 70' lang='lat' dir='ltr'><strong>pupugit</strong></span> <span class='ocrx_word' id='word_1_715' title='bbox 1483 3989 1549 4037; x_wconf 92' lang='lat' dir='ltr'><strong>iilam</strong></span> <span class='ocrx_word' id='word_1_716' title='bbox 1564 4002 1627 4050; x_wconf 80' lang='lat' dir='ltr'><strong>sane,</strong></span> 
     </span>
     <span class='ocr_line' id='line_1_97' title="bbox 995 4078 1627 4138; baseline -0.002 -12"><span class='ocrx_word' id='word_1_717' title='bbox 995 4091 1045 4126; x_wconf 92' lang='lat' dir='ltr'>sam</span> <span class='ocrx_word' id='word_1_718' title='bbox 1063 4091 1114 4126; x_wconf 90' lang='lat' dir='ltr'><strong>csse</strong></span> <span class='ocrx_word' id='word_1_719' title='bbox 1129 4078 1295 4138; x_wconf 82' lang='lat' dir='ltr'><strong>ciiaricleam,</strong></span> <span class='ocrx_word' id='word_1_720' title='bbox 1317 4092 1365 4126; x_wconf 91' lang='lat' dir='ltr'>non</span> <span class='ocrx_word' id='word_1_721' title='bbox 1377 4091 1499 4136; x_wconf 88' lang='lat' dir='ltr'><strong>sororem,</strong></span> <span class='ocrx_word' id='word_1_722' title='bbox 1519 4078 1584 4127; x_wconf 90' lang='lat' dir='ltr'><strong>haud</strong></span> <span class='ocrx_word' id='word_1_723' title='bbox 1596 4079 1627 4126; x_wconf 90' lang='lat' dir='ltr'>sir</span> 
     </span>
     <span class='ocr_line' id='line_1_98' title="bbox 994 4165 1627 4228; baseline 0 -14"><span class='ocrx_word' id='word_1_724' title='bbox 994 4165 1133 4215; x_wconf 70' lang='lat' dir='ltr'><strong>audivisset,</strong></span> <span class='ocrx_word' id='word_1_725' title='bbox 1166 4170 1353 4226; x_wconf 77' lang='lat' dir='ltr'><strong>Verumtamen,</strong></span> <span class='ocrx_word' id='word_1_726' title='bbox 1364 4168 1430 4226; x_wconf 77' lang='lat' dir='ltr'><strong>Fiat,</strong></span> <span class='ocrx_word' id='word_1_727' title='bbox 1442 4171 1468 4215; x_wconf 90' lang='lat' dir='ltr'>ut</span> <span class='ocrx_word' id='word_1_728' title='bbox 1483 4167 1602 4228; x_wconf 86' lang='lat' dir='ltr'><strong>postulas,</strong></span> <span class='ocrx_word' id='word_1_729' title='bbox 1615 4168 1627 4214; x_wconf 86' lang='grc' dir='ltr'>ιι</span> 
     </span>
     <span class='ocr_line' id='line_1_99' title="bbox 994 4254 1627 4316; baseline -0.005 -12"><span class='ocrx_word' id='word_1_730' title='bbox 994 4256 1042 4304; x_wconf 85' lang='lat' dir='ltr'><strong>Nos</strong></span> <span class='ocrx_word' id='word_1_731' title='bbox 1053 4256 1134 4302; x_wconf 87' lang='lat' dir='ltr'><strong>aulem</strong></span> <span class='ocrx_word' id='word_1_732' title='bbox 1145 4254 1312 4303; x_wconf 78' lang='lat' dir='ltr'><strong>Achaemenem</strong></span> <span class='ocrx_word' id='word_1_733' title='bbox 1320 4255 1372 4303; x_wconf 86' lang='lat' dir='ltr'><strong>aliis</strong></span> <span class='ocrx_word' id='word_1_734' title='bbox 1384 4255 1473 4316; x_wconf 85' lang='lat' dir='ltr'><strong>nuptiis</strong></span> <span class='ocrx_word' id='word_1_735' title='bbox 1482 4254 1627 4303; x_wconf 89' lang='lat' dir='ltr'><strong>consolahim</strong></span> 
     </span>
     <span class='ocr_line' id='line_1_100' title="bbox 994 4342 1627 4405; baseline -0.003 -13"><span class='ocrx_word' id='word_1_736' title='bbox 994 4342 1085 4392; x_wconf 86' lang='lat' dir='ltr'><strong>labitur</strong></span> <span class='ocrx_word' id='word_1_737' title='bbox 1096 4345 1120 4392; x_wconf 87' lang='lat' dir='ltr'>et</span> <span class='ocrx_word' id='word_1_738' title='bbox 1135 4343 1203 4392; x_wconf 87' lang='lat' dir='ltr'><strong>libia</strong></span> <span class='ocrx_word' id='word_1_739' title='bbox 1218 4343 1299 4402; x_wconf 91' lang='lat' dir='ltr'><strong>nohis,</strong></span> <span class='ocrx_word' id='word_1_740' title='bbox 1316 4343 1394 4405; x_wconf 91' lang='lat' dir='ltr'><strong>inquit</strong></span> <span class='ocrx_word' id='word_1_741' title='bbox 1413 4343 1565 4403; x_wconf 79' lang='lat' dir='ltr'><strong>Theagenes,</strong></span> <span class='ocrx_word' id='word_1_742' title='bbox 1583 4356 1627 4404; x_wconf 89' lang='lat' dir='ltr'><strong>pos</strong></span> 
     </span>
     <span class='ocr_line' id='line_1_101' title="bbox 994 4430 1626 4493; baseline -0.002 -13"><span class='ocrx_word' id='word_1_743' title='bbox 994 4432 1131 4481; x_wconf 84' lang='lat' dir='ltr'><strong>irritasunt</strong></span> <span class='ocrx_word' id='word_1_744' title='bbox 1151 4432 1213 4481; x_wconf 84' lang='lat' dir='ltr'><strong>iacto</strong></span> <span class='ocrx_word' id='word_1_745' title='bbox 1235 4436 1260 4481; x_wconf 88' lang='lat' dir='ltr'>et</span> <span class='ocrx_word' id='word_1_746' title='bbox 1278 4432 1348 4481; x_wconf 91' lang='lat' dir='ltr'><strong>simul</strong></span> <span class='ocrx_word' id='word_1_747' title='bbox 1367 4430 1497 4479; x_wconf 84' lang='lat' dir='ltr'><strong>accedebat</strong></span> <span class='ocrx_word' id='word_1_748' title='bbox 1509 4434 1626 4493; x_wconf 89' lang='lat' dir='ltr'><strong>tanquam</strong></span> 
     </span>
     <span class='ocr_line' id='line_1_102' title="bbox 994 4521 1627 4581; baseline -0.003 -12"><span class='ocrx_word' id='word_1_749' title='bbox 994 4522 1128 4570; x_wconf 90' lang='lat' dir='ltr'><strong>cuiaturns.</strong></span> <span class='ocrx_word' id='word_1_750' title='bbox 1163 4521 1205 4570; x_wconf 89' lang='lat' dir='ltr'><strong>iiia</strong></span> <span class='ocrx_word' id='word_1_751' title='bbox 1217 4534 1274 4569; x_wconf 85' lang='lat' dir='ltr'><strong>vero</strong></span> <span class='ocrx_word' id='word_1_752' title='bbox 1287 4521 1404 4569; x_wconf 92' lang='lat' dir='ltr'><strong>inclinans</strong></span> <span class='ocrx_word' id='word_1_753' title='bbox 1415 4533 1465 4568; x_wconf 88' lang='lat' dir='ltr'><strong>sese</strong></span> <span class='ocrx_word' id='word_1_754' title='bbox 1477 4522 1501 4568; x_wconf 90' lang='lat' dir='ltr'>et</span> <span class='ocrx_word' id='word_1_755' title='bbox 1514 4534 1541 4568; x_wconf 90' lang='lat' dir='ltr'><strong>os</strong></span> <span class='ocrx_word' id='word_1_756' title='bbox 1553 4532 1596 4581; x_wconf 86' lang='lat' dir='ltr'>pro</span> <span class='ocrx_word' id='word_1_757' title='bbox 1610 4534 1627 4567; x_wconf 87' lang='lat' dir='ltr'><strong>u</strong></span> 
     </span>
     <span class='ocr_line' id='line_1_103' title="bbox 992 4608 1627 4671; baseline 0 -14"><span class='ocrx_word' id='word_1_758' title='bbox 992 4610 1089 4671; x_wconf 84' lang='lat' dir='ltr'><strong>jiciens,</strong></span> <span class='ocrx_word' id='word_1_759' title='bbox 1102 4623 1157 4658; x_wconf 91' lang='lat' dir='ltr'>eum</span> <span class='ocrx_word' id='word_1_760' title='bbox 1177 4610 1286 4657; x_wconf 88' lang='lat' dir='ltr'><strong>osculata</strong></span> <span class='ocrx_word' id='word_1_761' title='bbox 1305 4612 1349 4658; x_wconf 89' lang='lat' dir='ltr'><strong>est.</strong></span> <span class='ocrx_word' id='word_1_762' title='bbox 1384 4611 1414 4660; x_wconf 83' lang='lat' dir='ltr'>et</span> <span class='ocrx_word' id='word_1_763' title='bbox 1432 4609 1489 4657; x_wconf 82' lang='lat' dir='ltr'><strong>exiit</strong></span> <span class='ocrx_word' id='word_1_764' title='bbox 1503 4608 1627 4670; x_wconf 79' lang='lat' dir='ltr'><strong>Tireagenu</strong></span> 
     </span>
     <span class='ocr_line' id='line_1_104' title="bbox 994 4697 1625 4759; baseline -0.003 -13"><span class='ocrx_word' id='word_1_765' title='bbox 994 4700 1112 4756; x_wconf 80' lang='lat' dir='ltr'><strong>referens,</strong></span> <span class='ocrx_word' id='word_1_766' title='bbox 1126 4711 1174 4747; x_wconf 90' lang='lat' dir='ltr'>non</span> <span class='ocrx_word' id='word_1_767' title='bbox 1185 4697 1290 4745; x_wconf 84' lang='lat' dir='ltr'><strong>vicissim</strong></span> <span class='ocrx_word' id='word_1_768' title='bbox 1302 4698 1352 4759; x_wconf 90' lang='lat' dir='ltr'><strong>ipse</strong></span> <span class='ocrx_word' id='word_1_769' title='bbox 1365 4699 1488 4747; x_wconf 85' lang='lat' dir='ltr'><strong>osculatus</strong></span> <span class='ocrx_word' id='word_1_770' title='bbox 1499 4700 1524 4746; x_wconf 87' lang='lat' dir='ltr'>et</span> <span class='ocrx_word' id='word_1_771' title='bbox 1538 4698 1625 4747; x_wconf 84' lang='lat' dir='ltr'><strong>clrarie</strong></span> 
     </span>
     <span class='ocr_line' id='line_1_105' title="bbox 993 4786 1625 4849; baseline 0 -15"><span class='ocrx_word' id='word_1_772' title='bbox 993 4789 1155 4847; x_wconf 87' lang='lat' dir='ltr'><strong>occasionem,</strong></span> <span class='ocrx_word' id='word_1_773' title='bbox 1171 4786 1386 4848; x_wconf 74' lang='lat' dir='ltr'><strong>oniniaesposuil,</strong></span> <span class='ocrx_word' id='word_1_774' title='bbox 1404 4788 1470 4849; x_wconf 93' lang='lat' dir='ltr'><strong>(non</strong></span> <span class='ocrx_word' id='word_1_775' title='bbox 1482 4787 1533 4835; x_wconf 90' lang='lat' dir='ltr'><strong>siue</strong></span> <span class='ocrx_word' id='word_1_776' title='bbox 1549 4787 1625 4847; x_wconf 60' lang='lat' dir='ltr'><strong>zeloti·</strong></span> 
     </span>
     <span class='ocr_line' id='line_1_106' title="bbox 995 4875 1627 4937; baseline 0.002 -15"><span class='ocrx_word' id='word_1_777' title='bbox 995 4875 1045 4935; x_wconf 88' lang='lat' dir='ltr'><strong>ipsa</strong></span> <span class='ocrx_word' id='word_1_778' title='bbox 1061 4876 1174 4937; x_wconf 62' lang='lat' dir='ltr'><strong>quaedam</strong></span> <span class='ocrx_word' id='word_1_779' title='bbox 1187 4877 1362 4936; x_wconf 75' lang='lat' dir='ltr'><strong>cognoscente)</strong></span> <span class='ocrx_word' id='word_1_780' title='bbox 1381 4879 1405 4924; x_wconf 91' lang='lat' dir='ltr'>et</span> <span class='ocrx_word' id='word_1_781' title='bbox 1417 4875 1483 4923; x_wconf 82' lang='lat' dir='ltr'><strong>mirm</strong></span> <span class='ocrx_word' id='word_1_782' title='bbox 1506 4875 1627 4937; x_wconf 75' lang='lat' dir='ltr'><strong>promissio</strong></span> 
     </span>
     <span class='ocr_line' id='line_1_107' title="bbox 993 4961 1614 5024; baseline 0.003 -15"><span class='ocrx_word' id='word_1_783' title='bbox 993 4962 1102 5023; x_wconf 83' lang='lat' dir='ltr'><strong>addidit,</strong></span> <span class='ocrx_word' id='word_1_784' title='bbox 1114 4961 1179 5024; x_wconf 91' lang='lat' dir='ltr'><strong>quod</strong></span> <span class='ocrx_word' id='word_1_785' title='bbox 1193 4961 1269 5010; x_wconf 89' lang='lat' dir='ltr'><strong>muita</strong></span> <span class='ocrx_word' id='word_1_786' title='bbox 1283 4975 1409 5023; x_wconf 88' lang='lat' dir='ltr'><strong>perunum</strong></span> <span class='ocrx_word' id='word_1_787' title='bbox 1428 4963 1476 5011; x_wconf 89' lang='lat' dir='ltr'><strong>sint</strong></span> <span class='ocrx_word' id='word_1_788' title='bbox 1489 4965 1597 5011; x_wconf 86' lang='lat' dir='ltr'><strong>coniecta</strong></span> <span class='ocrx_word' id='word_1_789' title='bbox 1610 4983 1614 5012; x_wconf 90' lang='grc'>;</span> 
     </span>
     <span class='ocr_line' id='line_1_108' title="bbox 993 5050 1627 5113; baseline 0.005 -17"><span class='ocrx_word' id='word_1_790' title='bbox 993 5050 1135 5099; x_wconf 81' lang='lat' dir='ltr'><strong>‹iisiurhaiac</strong></span> <span class='ocrx_word' id='word_1_791' title='bbox 1151 5050 1241 5110; x_wconf 74' lang='lat' dir='ltr'><strong>nuptiae</strong></span> <span class='ocrx_word' id='word_1_792' title='bbox 1265 5069 1270 5098; x_wconf 92' lang='lat'><strong>:</strong></span> <span class='ocrx_word' id='word_1_793' title='bbox 1298 5051 1423 5112; x_wconf 84' lang='lat' dir='ltr'><strong>cupiditati</strong></span> <span class='ocrx_word' id='word_1_794' title='bbox 1442 5057 1555 5111; x_wconf 83' lang='lat' dir='ltr'><strong>Arsaces,</strong></span> <span class='ocrx_word' id='word_1_795' title='bbox 1571 5056 1627 5113; x_wconf 77' lang='lat' dir='ltr'><strong>prul</strong></span> 
     </span>
     <span class='ocr_line' id='line_1_109' title="bbox 995 5138 1627 5202; baseline 0.002 -16"><span class='ocrx_word' id='word_1_796' title='bbox 995 5138 1066 5188; x_wconf 89' lang='lat' dir='ltr'><strong>lionis</strong></span> <span class='ocrx_word' id='word_1_797' title='bbox 1079 5140 1103 5187; x_wconf 90' lang='lat' dir='ltr'>in</span> <span class='ocrx_word' id='word_1_798' title='bbox 1125 5139 1251 5200; x_wconf 79' lang='lat' dir='ltr'><strong>praesentia</strong></span> <span class='ocrx_word' id='word_1_799' title='bbox 1263 5139 1412 5198; x_wconf 75' lang='lat' dir='ltr'><strong>excogitatus</strong></span> <span class='ocrx_word' id='word_1_800' title='bbox 1428 5160 1433 5189; x_wconf 91' lang='lat'>:</span> <span class='ocrx_word' id='word_1_801' title='bbox 1449 5140 1567 5202; x_wconf 92' lang='lat' dir='ltr'><strong>denique,</strong></span> <span class='ocrx_word' id='word_1_802' title='bbox 1580 5154 1627 5201; x_wconf 91' lang='lat' dir='ltr'><strong>quo</strong></span> 
     </span>
    </p>
   </div>
   <div class='ocr_carea' id='block_1_6' title="bbox 0 0 1868 5692">
    <p class='ocr_par' dir='ltr' id='par_1_10' title="bbox 0 0 1868 5692">
     <span class='ocr_line' id='line_1_110' title="bbox 0 0 1868 5692; baseline 0 0"><span class='ocrx_word' id='word_1_803' title='bbox 0 0 1868 5692; x_wconf 95' lang='lat' dir='ltr'> </span> 
     </span>
    </p>
   </div>
  </div>
 </body>
</html>
