3726 5692
27 125 83 175 500

23 246 82 312 τοὺς
96 241 245 323 ὀφθαλμούς
262 245 315 300 ἐκεῖ
327 240 484 311 τετακότων,
503 239 629 319 αἰφνίδιον
644 239 767 310 εἱλκύσθη
780 238 813 297 τά

23 331 268 414 παραπετάσματα.
310 328 364 387 Καὶ
376 326 451 407 ὤφθη
466 328 618 406 Καλλιρρόη
632 327 680 403 μὲν
693 326 736 385 ἐπὶ
750 350 812 405 χρυ-

23 421 139 493 σηλάτου
151 417 239 488 κλίνης
254 415 429 491 ἀνακειμένη,
443 414 543 494 Τυρίαν
556 414 728 495 ἀμπεχομένη
746 439 813 493 πορ-

22 509 118 589 φύραν,
134 504 249 585 Χαιρέας
264 502 286 561 δ’
300 505 367 581 αὐτῇ
382 504 618 582 παρακαθήμενος,
640 507 731 581 σχῆμα
745 502 813 583 ἔχων

0 632 3 644 ·
23 590 262 677 στρατηγοῦ.οθτε
274 591 370 671 βροντή
379 591 529 659 ποτεοθτως
537 591 660 662 ἐξέπληξε
668 590 715 657 τὰς
724 590 814 663 ἀκοθις,

24 683 83 744 οὔτε
94 679 218 760 ἀστραπὴ
229 680 276 746 τὰς
286 679 358 758 ὄψεις
369 683 420 737 τῶν
433 680 551 754 ἰδόντων,
560 679 619 739 οὔτε
632 678 763 760 θησαυρόν
774 682 814 737 εθ-

24 773 75 853 ρόιν
85 796 125 837 τις
136 768 245 851 χρυσίου
258 774 381 827 τοσοῦτον
392 768 537 843 ἐξεόόησεν,
549 772 586 836 ὡς
596 767 655 828 τότε
666 765 696 826 τδ
706 769 814 839 πλῆθος,

22 859 227 942 ἀπροσδοκήτως
239 856 293 915 llis
311 855 398 934 θέαμα
410 855 488 933 λόγου
503 861 630 938 κρεῖττον.
662 855 814 935 Ἑρμοκρά·

21 974 68 1021 της
82 950 105 1007 δ’
118 945 284 1017 ἀνεπήδησεν
296 944 340 1003 ἐπὶ
352 944 399 1015 τὴν
412 944 524 1018 σκηνὴν,
535 946 581 1004 καὶ
591 942 814 1024 περιπτυξάμενος

20 1035 68 1110 τλν
84 1033 225 1116 θυγατέρα,
235 1024 325 1092 εἶπεν·
341 1036 404 1112 Ζῇς,
418 1033 518 1106 τέκνον,
533 1032 549 1105 ἢ
562 1032 695 1091 καὶτοῦτο
709 1030 813 1090 πεπλά-

20 1148 116 1202 νημαι;
158 1125 218 1197 Ζῶ,
237 1119 335 1199 πάτίρ,
356 1123 405 1177 νῦν
423 1122 543 1194 άληθῶς,
564 1119 603 1177 ὅτι
622 1143 651 1178 σε
675 1118 811 1193 τεθέαμαι.

22 1215 131 1293 Δάκρυα
143 1220 225 1269 πᾶσιν
237 1211 322 1287 ἐχεῖτο
331 1207 399 1283 μετὰ
408 1231 429 1288 χ
430 1218 503 1289 αράς.
517 1208 623 1277 Μεταξὺ
635 1207 662 1267 δέ
673 1207 813 1287 Πολύχαρ-

23 1326 70 1379 μος
81 1300 258 1360 έπικαταιιλεῖ
268 1305 324 1363 ταῖς
337 1296 429 1363 ἄλλαις
438 1296 581 1377 τριήρεσιν.
625 1296 770 1375 Αύτδςγόιρ
781 1287 813 1368 ἦν

23 1386 230 1462 πεπιστευμένος
241 1386 285 1444 τὸν
307 1385 387 1443 ἄλλον
402 1387 494 1444 στόλον
509 1386 562 1444 ἀπὸ
585 1383 710 1465 Κύπρου,
727 1384 769 1444 δεδι
784 1384 814 1442 τδ

3 1511 7 1522 »
24 1476 118 1555 μηκέτι
136 1474 257 1555 Χαιρέαν
273 1473 346 1553 άλλῳ
361 1472 411 1531 τινὶ
426 1475 564 1553 σχολάζειν
580 1474 723 1547 δύνασθαι,
744 1474 813 1545 πλὴν

22 1563 176 1643 Καλλιρρόη
194 1562 273 1643 μόνη.
318 1561 431 1641 Ταχέως
447 1565 495 1621 δ’ὁ
513 1562 593 1640 λιμὴν
607 1565 755 1644 ἐπληροῦτο
768 1564 814 1620 καὶ

21 1646 54 1727 ἦν
71 1656 154 1712 έκεῖνο
167 1652 198 1711 τὸ
212 1654 308 1729 πῆμα
320 1648 350 1708 τθ
362 1651 430 1726 μετδι
443 1650 490 1720 τὴν
504 1652 654 1731 ναυμαχίαν
667 1650 714 1722 τὴν
731 1650 812 1709 Ἀττι-

22 1744 81 1816 κήν.
124 1740 179 1801 Καὶ
201 1760 280 1799 norst
295 1738 347 1818 γάρ
371 1744 398 1797 αῖ
416 1740 527 1819 τριήρεις
548 1744 577 1799 ἐκ
600 1739 716 1818 πολέμου
736 1739 814 1797 κατέ·

23 1835 102 1892 πλεον
124 1827 353 1910 ἐστεφανωμέναι,
376 1830 546 1909 χρησάμεναι
561 1829 717 1910 Συρακοσίῳ
733 1852 813 1908 στρα·

1 1946 10 1973 ιι
23 1924 105 2001 ςηγῷ.
141 1918 355 1995 ,Συνεμίχθησαν
377 1917 405 1975 δὲ
421 1922 447 1975 αἱ
468 1918 553 1996 φωναὶ
567 1922 618 1977 τῶν
639 1917 692 1975 ἀπὸ
712 1920 758 1987 τῆς
769 1922 815 1974 θα·

25 2008 124 2078 λάοσης
138 2005 196 2071 τοὺς
211 2005 265 2062 ἀπὸ
277 2010 324 2079 γῆς
341 2004 532 2081 ἀσπαζομένων
550 2006 595 2065 καὶ
616 2006 696 2063 πάλιν
710 2004 814 2063 ἐκείνων

26 2096 84 2163 τοθς
107 2099 137 2154 ἐκ
164 2092 308 2163 θαλάσσης.
354 2094 492 2173 Εὐφημίαι
516 2117 544 2151 τε
571 2094 625 2161 καὶ,
640 2092 740 2150 ἔπαινοι
769 2092 815 2151 καί

27 2181 151 2262 συνευχαὶ
177 2180 275 2239 πυκναλ
305 2183 368 2259 παρ’
397 2180 552 2262 ἀμφοτέρων
584 2179 648 2259 πρὸς
674 2181 812 2251 ἀλλήλους.

23 2264 93 2333 Ἦκε
118 2270 145 2328 δέ
166 2268 212 2329 καλ
237 2272 252 2327 θ
276 2270 395 2346 Χαιρέου
418 2268 522 2350 πατὴρ,
545 2270 698 2350 λιποψυχῶν
720 2271 749 2326 ἐκ
770 2272 815 2338 τῆς

2 2401 4 2409 »
23 2357 172 2438 παραδόξου
192 2364 288 2437 χαρᾶς.
335 2354 544 2417 Ἐπεκελεύοντο
561 2358 584 2415 δ’
600 2355 724 2427 ἀλλήλοις
742 2354 816 2414 συνέ-

24 2446 104 2528 ρηόοι
120 2446 165 2505 καὶ
182 2445 402 2524 συγγυμνασταὶ,
416 2444 533 2525 Χαιρέαν
545 2443 716 2502 ἀπέσεσθαι
731 2443 815 2502 θέλον-

24 2558 83 2615 τες,
97 2534 265 2612 Καλλιρρόην
284 2530 308 2591 δ’
323 2534 351 2589 αθ
365 2537 496 2609 γυναῖκες.
539 2529 634 2599 Ἔδοξε
653 2533 677 2590 δ’
697 2530 735 2590 ἔτι
749 2532 814 2589 καλ-

25 2620 88 2681 λίων
104 2623 195 2685 αὐταῖς
219 2618 373 2701 Καλλιρρόη
389 2618 538 2697 γεγονέναι,
550 2618 614 2678 ὥστ’
624 2621 727 2691 ἀληθῶς
745 2608 815 2685 εἶπες

24 2711 71 2784 ἂν,
86 2708 167 2779 αὐτὴν
190 2711 254 2787 ipro
275 2704 324 2779 τὴν
346 2705 499 2788 Ἀφροδίτην
522 2708 699 2785 ἀναδυομίνην
721 2709 751 2766 ἐκ
768 2713 816 2779 τῆς

24 2799 169 2871 θαλάσσης.
215 2795 375 2877 Προσελθδιν
398 2799 425 2857 δὲ
449 2797 565 2880 Χαιρέας
579 2802 617 2879 τῷ
637 2798 815 2878 Ἑρμοκράτει

11 2887 69 2946 καὶ
91 2889 129 2966 τῷ
155 2882 250 2965 πατρί·
272 2885 463 2965 Παραλάδετε,
486 2886 550 2967 ἔφη,
570 2885 614 2944 τὸν
635 2887 745 2944 πλοῦτον
769 2892 814 2945 τοῦ

26 2974 141 3053 μεγάλου
172 2974 313 3052 βασιλέως.
368 2973 423 3033 Καὶ
450 2975 523 3041 εὐθὺς
549 2973 684 3033 ἐκέλευσεν
704 2976 814 3049 ἐκκομί-

25 3066 113 3130 ζεσθαι
133 3061 254 3142 ἀργύριον
278 3062 324 3120 καλ
345 3062 443 3141 χρυσόν
467 3064 653 3141 ἀναρίθμητον,
680 3054 726 3120 εἶτ’
752 3061 815 3120 ἐλέ-

25 3175 111 3232 φαντα
143 3150 188 3209 καλ
211 3149 339 3230 ἤλεκτρον
369 3152 415 3208 καὶ
444 3155 541 3222 ἐσθῆτα
567 3152 611 3209 καὶ
633 3160 721 3208 πᾶσαν
750 3150 813 3221 ὕλης

2 3272 7 3283 ·
24 3239 118 3322 τέχνης
131 3262 159 3298 τε
177 3238 348 3299 πολυτέλειαν
368 3239 481 3308 ἐπέδειξε
503 3237 675 3320 Συρακοσίοις
689 3238 733 3297 καὶ
757 3239 815 3297 κλί-

25 3352 72 3402 νην
85 3327 131 3387 καλ
145 3325 278 3407 τράπεζαν
296 3332 343 3387 τοῦ
358 3330 474 3406 μεγάλου
488 3328 626 3407 βασιλέως.
668 3325 746 3386 r'illis'
760 3329 815 3386 ἐνε-

25 3415 131 3489 πλήσθη
147 3424 221 3473 πᾶσα
235 3421 253 3487 ἡ
269 3415 361 3495 πόλις,
375 3419 424 3496 οὐχ
436 3419 471 3483 ὡς
483 3417 620 3497 πρότερον,
634 3418 664 3474 ἐκ
678 3420 723 3474 τοῦ
735 3415 813 3474 πολέ-

26 3529 77 3581 μου
93 3506 248 3578 Σικελικοῦ,
264 3504 356 3569 πενίας
370 3504 504 3582 Ἀττικῆς,
521 3504 604 3579 ἀλλὰ,
618 3504 648 3563 τὸ
662 3504 813 3564 καινότατον

26 3595 52 3652 δν
67 3594 171 3673 εἰρήνῃ,
185 3591 310 3671 λαφύρων
323 3595 462 3664 Μηδικῶν.

66 3682 110 3742 Ζ’.
135 3678 239 3759 Ἀθρόον
255 3678 283 3738 δέ
296 3678 326 3738 τδ
339 3684 436 3751 πλῆθος
451 3680 612 3753 ἀνεόόησεν·
632 3680 763 3757 Ἄξιοῦμεν
778 3684 813 3748 εἰς

25 3768 73 3841 τλν
89 3768 243 3835 ἐκκλησίαν.
286 3767 454 3845 Ἐπεθύμουν
464 3767 515 3850 γάρ
527 3768 621 3837 αθτοθς
634 3769 680 3828 καλ
694 3771 756 3828 ἰδεῖν
769 3772 813 3828 καὶ

25 3860 146 3918 ἀκοῦσαι.
190 3855 318 3934 Λόγουθέ
335 3862 428 3916 θᾶττον
443 3857 583 3939 ἰπληρόιθη
598 3858 628 3916 τὸ
648 3857 754 3938 θέατρον
770 3863 812 3916 ἀν·

25 3949 92 4026 δρῶν
106 3967 135 4003 τε
148 3944 194 4004 καί
206 3948 346 4023 γυναικῶν.
368 3947 536 4014 Εἰσελθόντος
551 3946 578 4004 δὲ
594 3946 673 4022 μόνου
687 3947 813 4028 Χαιρέου,

25 4042 111 4094 πᾶσαι
124 4034 169 4093 καὶ
182 4036 277 4101 πάντες
292 4032 457 4105 ἑπεόόησαν·
470 4037 638 4115 Καλλιρρόην
653 4037 812 4115 παρακάλει.

24 4121 210 4203 Ἑρμοκράτης
224 4124 251 4182 δέ
265 4123 311 4181 καλ
326 4128 402 4182 τοῦτο
413 4122 630 4201 ἐδημαγώγησεν,
644 4123 756 4198 εἰσάγων
768 4124 812 4182 καί

24 4207 72 4282 τὴν
87 4210 227 4291 θυγατέρα.
273 4213 383 4290 Πρῶτον
400 4201 443 4270 οθν
458 4216 472 4270 δ
485 4213 582 4287 δῆμος,
596 4213 631 4278 εἰς
647 4211 691 4270 τὸν
705 4214 813 4291 οὐρανὸν

26 4299 193 4379 ἀποόλέψας,
215 4298 326 4379 εὐφήμει
347 4300 406 4367 τοθς
429 4300 501 4367 θεοὺς
521 4300 567 4358 καλ
588 4300 665 4380 χάριν
682 4300 814 4371 ἠπίστατο

27 4388 126 4459 μᾶλλον
140 4387 205 4465 ὑπὲρ
220 4392 266 4460 τῆς
280 4389 380 4467 ἡμέρας
391 4388 490 4462 ταύτης
502 4387 519 4460 ἢ
533 4393 579 4461 τῆς
600 4392 651 4446 τῶν
667 4382 811 4450 έπινικιων.

30 4464 95 4533 Εἶτα
109 4474 172 4534 ποτὲ
188 4475 236 4554 μὲν
262 4476 395 4557 ίσχίζοντο
409 4477 456 4537 καλ
479 4480 503 4536 οἱ
525 4477 572 4554 μὲν
598 4477 688 4557 ἄνδρες
702 4476 813 4557 ἐπῄνουν

26 4560 153 4638 Χαιρέαν,
168 4565 196 4620 αἱ
208 4562 235 4621 δὲ
249 4572 369 4642 γυναῖκες
389 4565 569 4645 Καλλιρρόην,
586 4563 629 4624 δτέ
649 4567 671 4624 δ’
683 4556 716 4624 αδ
733 4565 813 4626 πάλιν

436 111 634 170 counitos
657 108 706 166 DE
729 108 899 167 CHAEREA
923 109 972 166 ET
993 109 1242 169 CALLIRRHOE

861 246 916 296 tisis
934 248 1068 308 inurerent,
1081 250 1203 311 conspecti
1222 253 1292 310 suut,
1308 250 1390 300 subito
1408 249 1497 301 levatis
1512 252 1588 311 selis,
1602 256 1649 303 tam

861 351 995 401 Callirrlrod
1004 364 1077 415 super
1087 366 1162 403 aureo
1175 357 1228 403 toro
1238 354 1359 416 reposita,
1371 359 1396 405 et
1405 355 1508 418 'syriam
1520 369 1651 420 purpuram

861 456 959 517 induta,
977 472 1049 519 quam
1069 458 1184 509 climreas
1197 458 1240 522 ipsi
1260 458 1367 509 assidens
1380 460 1465 511 babitu
1488 461 1652 526 imperatorio

861 563 943 624 Neque
961 563 1051 613 tonitru
1068 563 1103 612 sic
1123 576 1193 613 aures
1214 577 1321 627 unquam
1340 566 1458 627 perculit,
1473 567 1653 631 usquc‘lulpul

860 667 945 716 oculos
965 665 1113 729 videntium,
1131 682 1211 733 neque
1232 669 1331 720 invento
1349 670 1404 733 quis
1421 671 1475 721 auri
1492 684 1582 724 acervo
1601 678 1651 723 tam

860 770 1021 832 exclamarit,
1034 775 1062 822 ut
1070 775 1123 822 tum
1135 773 1217 836 plebs,
1230 774 1282 823 viso
1298 775 1451 839 spectaculo,
1469 776 1539 839 quod
1553 791 1651 829 οιιιοειιι

859 890 996 928 sermonem
1012 882 1120 943 superat.
1154 882 1326 933 Hermocratcs
1335 888 1419 935 ευιειιι
1431 884 1522 936 exsllllt
1533 886 1559 936 io
1575 888 1651 937 terrio·

860 984 939 1045 rium,
961 988 985 1034 et
998 986 1125 1048 amplexus
1139 986 1232 1038 liliam:
1251 988 1333 1049 Viris,
1347 989 1396 1051 ait,
1409 1002 1426 1038 o
1439 992 1513 1041 mea?
1523 1004 1556 1041 sn
1577 992 1649 1043 ctiam

861 1088 907 1137 boc
920 1088 1024 1140 illudor?
1038 1091 1114 1151 viro,
1127 1095 1205 1154 pater,
1223 1105 1289 1143 uuuc
1303 1105 1403 1156 resera,
1416 1094 1615 1159 quandoquidem
1625 1100 1649 1147 te

860 1194 939 1243 rideo.
972 1196 1095 1258 lacrymo
1109 1208 1166 1245 cum
1179 1196 1267 1259 gaudio
1278 1196 1386 1247 lluebant
1396 1199 1521 1249 omnibus.
1552 1200 1648 1251 Ιιιίειιιι

860 1299 1004 1351 succedebat
1023 1300 1197 1364 Polycharmus
1214 1315 1271 1352 cum
1284 1303 1423 1353 triremibus
1444 1304 1510 1354 intro
1523 1305 1646 1369 mrlmra,

860 1406 899 1455 cui
914 1407 1124 1456 classemomuem
1136 1420 1151 1457 a
1165 1410 1246 1471 cypro
1258 1408 1385 1470 chereas,
1399 1408 1497 1461 nonnisi
1509 1410 1647 1463 calllrrlroe

860 1525 947 1562 vacare
962 1511 1056 1574 valens,
1072 1513 1291 1565 commendaverat.
1325 1516 1395 1566 lireri
1406 1516 1647 1581 replebaturportus,

860 1620 959 1680 eratque
972 1617 1056 1668 eadem
1073 1618 1178 1681 specics,
1191 1632 1220 1669 ac
1231 1623 1285 1683 post
1296 1621 1408 1673 ιιετειειιι
1425 1634 1484 1671 cum
1498 1622 1647 1675 sibulu-

861 1724 905 1774 bus
924 1738 1037 1788 pugnam.
1071 1729 1131 1776 llam
1152 1726 1191 1775 bre
1211 1726 1322 1777 triremes
1342 1740 1442 1790 quoquc
1459 1730 1585 1779 coronatae
1605 1730 1648 1779 sab

860 1830 922 1881 duce
937 1834 1088 1894 syracusano
1102 1844 1134 1881 ox
1152 1830 1216 1880 bello
1234 1830 1353 1881 redibant.
1373 1831 1458 1882 iliata
1477 1844 1578 1883 roccae
1590 1834 1648 1883 mari

860 1936 1017 1986 salutantium
1031 1949 1087 1995 eos,
1102 1935 1144 1998 qui
1166 1936 1191 1984 iu
1212 1936 1276 1985 terra
1298 1940 1380 1996 eraut,
1395 1938 1420 1986 et
1441 1936 1531 1987 borum
1545 1938 1647 1989 ricdach

860 2041 1016 2091 salutantium
1036 2054 1090 2099 eos,
1111 2040 1153 2102 qui
1170 2053 1183 2089 ε
1203 2040 1264 2088 mari
1282 2040 1452 2091 adveniebant.
1487 2045 1568 2093 Densa
1588 2042 1648 2093 bona

861 2146 948 2205 rerba,
959 2147 985 2195 et
998 2144 1133 2207 praeconiu,
1146 2147 1171 2193 et
1185 2145 1322 2194 communia
1337 2148 1394 2195 rota
1406 2145 1439 2195 ab
1450 2147 1570 2211 utrisque.
1602 2150 1649 2199 Vc·

861 2251 940 2300 aiebat
951 2250 1024 2299 etiam
1035 2248 1143 2299 chaereas
1153 2250 1228 2310 pater,
1238 2248 1271 2298 ob
1282 2250 1430 2312 insperatum
1440 2251 1560 2314 goudium
1570 2252 1650 2305 culmo

861 2355 1010 2417 delinquens.
1051 2356 1082 2404 Se
1104 2352 1208 2403 invicem
1228 2354 1368 2404 excitabant
1385 2353 1503 2418 iuvenes,
1528 2357 1572 2421 qui
1594 2370 1651 2409 ειιιιι

861 2460 960 2509 chorea
974 2458 1144 2519 adoleverant,
1156 2460 1181 2507 et
1193 2458 1316 2521 gpmumia
1328 2458 1558 2523 frequentaverant,
1572 2464 1652 2529 cupldl

862 2577 918 2613 eum
932 2563 1047 2614 salutare.
1079 2562 1195 2612 Similiter
1208 2575 1265 2611 cum
1281 2562 1424 2613 mulieribus
1432 2578 1490 2627 erga
1503 2567 1654 2621 caltiniaca

861 2672 1027 2733 comparatum
1046 2669 1105 2717 crat.
1140 2670 1199 2717 llaec
1216 2666 1290 2716 etiam
1313 2638 1437 2729 pulcbricr
1458 2668 1509 2721 illis
1527 2670 1656 2725 ridebam

861 2771 977 2832 erasisse,
992 2774 1020 2820 ut
1035 2782 1091 2819 rere
1101 2768 1194 2819 diceres
1207 2768 1291 2819 ridere
1305 2771 1425 2819 θεοειεσι
1437 2770 1517 2821 esalo
1528 2786 1656 2839 musn-

861 2874 920 2921 tom.
954 2870 1048 2921 loradit
1060 2870 1171 2920 cboeress
1184 2872 1366 2920 Hermocraten
1380 2872 1405 2920 et
1417 2872 1513 2933 patrem
1522 2908 1532 2933 ,
1542 2876 1586 2925 ets
1607 2881 1656 2928 Ac·

861 2972 946 3034 cipite,
962 2971 1008 3030 ait,
1023 2969 1103 3032 magui
1122 2969 1183 3032 regis
1197 2982 1264 3033 opos.
1297 2969 1404 3033 durique
1422 2971 1509 3023 statim
1521 2976 1547 3025 et
1559 2980 1656 3037 ειμιι

862 3076 953 3122 mutarn
973 3070 1045 3132 jussit
1062 3071 1142 3120 ellerri
1160 3071 1271 3134 copiam,
1291 3074 1320 3122 ut
1337 3075 1477 3125 enumerari
1491 3088 1540 3125 ιιοι
1555 3082 1653 3139 ponem

862 3186 933 3237 porro
950 3172 1019 3234 ebur,
1038 3175 1063 3222 st
1082 3172 1213 3235 electrum,
1229 3175 1255 3223 ει
1270 3176 1363 3235 τειιεε,
1383 3176 1409 3225 ει
1422 3189 1525 3229 omnum
1543 3182 1656 3235 materh

860 3274 966 3336 artisque
987 3272 1188 3335 magnificentiam
1208 3273 1313 3323 ostendit
1327 3276 1502 3339 Syracusanis,
1520 3280 1659 3335 ellectum

861 3390 1015 3439 mensamque
1027 3376 1105 3439 magui
1120 3376 1190 3440 regis.
1222 3376 1338 3440 Adeoque
1349 3377 1421 3440 plena
1431 3378 1511 3432 oeost
1520 3384 1582 3435 urbs
1590 3388 1660 3450 tota,

860 3496 917 3544 riou,
929 3484 957 3530 ut
968 3484 1025 3531 ante
1039 3494 1070 3530 εκ
1084 3480 1162 3541 bello,
1174 3484 1314 3544 paupertate
1324 3481 1420 3542 Attica,
1433 3482 1492 3546 scd,
1505 3486 1576 3549 qood
1586 3488 1660 3541 pm.

861 3583 939 3633 ditum
955 3586 980 3634 et
994 3583 1196 3633 mirabilissimum
1210 3584 1254 3646 sit,
1267 3584 1292 3633 iu
1305 3597 1363 3647 pace
1375 3584 1498 3637 manubiis
1508 3588 1623 3643 blcdicia

891 3691 945 3738 vll.
965 3687 1047 3736 Turba
1066 3700 1124 3735 rero
1135 3699 1184 3735 una
1201 3686 1280 3736 omnis
1295 3688 1422 3738 coolerlim
1437 3701 1500 3739 roce
1513 3691 1659 3748 eternam:

861 3783 998 3834 Habeamus
1011 3781 1161 3830 concionem.
1194 3780 1329 3843 eripiebant
1340 3794 1427 3845 οειιιρε
1437 3785 1463 3834 et
1475 3784 1564 3851 vldese
1574 3792 1604 3841 ss
1614 3804 1659 3841 ω.

860 3877 920 3926 dire,
953 3876 1055 3925 Plenum
1069 3874 1135 3923 dicto
1149 3874 1220 3924 citius
1232 3875 1353 3926 theatrum
1372 3876 1480 3941 rirlaquc
1498 3882 1526 3931 cl
1543 3882 1658 3937 molisii.

862 3970 919 4032 bus,
931 3981 1063 4032 omnesque
1075 3968 1109 4017 illi
1118 3970 1143 4017 et
1157 3968 1219 4030 illue,
1230 3982 1307 4032 quom
1318 3970 1384 4019 solus
1393 3970 1510 4023 intrasset
1523 3976 1658 4041 eham,

861 4068 932 4117 eliam
943 4070 970 4116 ut
985 4065 1119 4116 callirrhoe
1130 4068 1298 4124 arcesseretur,
1312 4078 1399 4128 magua
1410 4079 1470 4117 roco
1478 4066 1656 4125 hortabantur.

861 4164 1029 4213 llersuocrates
1039 4174 1105 4221 sane,
1118 4174 1162 4223 pro
1176 4160 1335 4222 popularitate
1345 4174 1404 4225 sua,
1415 4162 1490 4213 ctiam
1502 4164 1530 4215 iu
1541 4166 1591 4217 boo
1601 4170 1657 4233 psl·

861 4264 931 4320 polus
945 4259 980 4306 est
992 4256 1079 4318 vulgo,
1091 4252 1155 4316 quod
1168 4252 1242 4301 filium
1254 4253 1279 4301 iu
1290 4253 1411 4304 theatrum
1423 4254 1564 4309 induceret.
1590 4262 1657 4313 Turn

757 4388 763 4408 ,
861 4351 1069 4417 primumquldcm
1080 4350 1192 4413 populus,
1201 4348 1277 4398 oculis
1290 4349 1315 4397 iu
1324 4349 1413 4400 coelum
1424 4350 1489 4413 θεῖε,
1501 4354 1656 4416 proditam

860 4449 925 4505 deos,
931 4447 1082 4509 gratiamque
1091 4446 1161 4494 uorat
1168 4442 1245 4505 magis
1255 4442 1336 4506 buius,
1343 4455 1419 4505 quam
1426 4444 1588 4510 triumplu&
1595 4448 1653 4503 Μ

861 4544 920 4593 Dciu
934 4555 1000 4591 nuuc
1012 4539 1194 4600 scindebantur,
1207 4539 1236 4586 ut
1248 4536 1293 4586 rirl
1305 4537 1433 4587 elicerem
1446 4538 1596 4607 laudum.
1611 4544 1655 4597 ἢ,

26 4647 188 4729 ἀμφοτέρους
201 4656 286 4732 χωρ,
313 4653 366 4713 Καὶ
383 4653 452 4713 ,οης
467 4653 573 4721 ἔχεως
586 4653 660 4726 ἥρω,
672 4646 713 4727 ἦ,
737 4658 814 4715 m,
860 4638 932 4688 minae
941 4635 1099 4697 callirrlroerr,
1109 4646 1175 4683 nuuc
1184 4645 1267 4683 rursus
1278 4632 1395 4696 utrosque
1405 4632 1652 4689 slmulcelobrarut.

26 4732 131 4812 λῑρρθην
151 4736 198 4813 μὲν
218 4729 275 4813 οθν,
289 4740 367 4806 bebi
380 4743 410 4799 ἐκ
425 4744 493 4801 πλοῦ
514 4742 559 4800 καὶ
573 4743 700 4820 ἀγωνίας,
721 4741 814 4811 εὐθέως
860 4734 1066 4797 Ῑθθΰθθθῐθθθω
1079 4735 1132 4784 effi
1151 4732 1249 4796 flmm-
1282 4730 1435 4783 omilim
1446 4731 1567 4797 (1¹¹¹er
1587 4736 1653 4783 ἸΝ

26 4821 219 4899 ἆσπασαμὲνην
233 4824 280 4897 τὴν
293 4830 410 4909 πατρίδα
426 4830 563 4910 ἀπήγαγον
578 4833 608 4888 ἐκ
625 4834 672 4889 τοῦ
687 4830 812 4910 θεάτρου,
859 4830 1010 4894 navigatione
1024 4829 1134 4892 miroque
1146 4828 1269 4878 rariorum
1282 4827 1414 4877 allectuuro
1423 4826 1593 4879 vicissitudine
1604 4826 1648 4879 dc·

26 4908 144 4990 Χαιρέαν
167 4911 194 4970 δὲ
214 4914 321 4994 κατεῖχε
334 4918 364 4974 τὸ
386 4919 498 4991 πλῆθος,
521 4921 631 4978 ἀκοῦσαι
654 4919 811 4998 βουλόμενον
859 4928 986 4985 lassatum,
1000 4926 1096 4987 statim,
1110 4926 1237 4989 postquam
1254 4923 1356 4988 patriam
1371 4924 1537 4987 ulularent,
1548 4922 1647 4975 dmum
