3726 5692
883 325 993 383 illidit
1017 327 1054 387 X.
1720 346 1776 395 rut

157 452 222 531 πρὸς
237 451 280 509 τὸν
294 450 430 529 Θεαγένην
448 454 544 531 βλέψας
557 454 571 508 θ
585 451 724 522 Ὑδάσπης
737 452 782 510 καλ
797 452 946 525 ἑλληνίζων,
966 473 970 481 ’

156 533 197 601 Ὦ
220 540 291 613 ξένε,
308 540 371 620 ἔφη,
386 540 469 619 τούτῳ
485 563 513 597 σε
530 537 582 618 χρὴ
603 539 821 616 διαγωνίσασθαι·
836 545 850 598 δ
865 542 946 618 δῆμος

157 631 304 689 κελεύουσι.
349 628 482 706 Γιγνέσθω
494 627 524 685 τδ
536 630 644 703 δοκοῶν,
658 631 672 685 θ
686 628 821 706 Θεαγένης
838 631 946 709 ἀπεκρί-

157 741 231 777 νατο.
276 714 431 781 illitales
446 716 541 794 τρόπος
552 720 598 787 τῆς
613 715 741 792 ἀγωνίας,
758 718 859 791 Πάλης,
875 708 946 776 εἶπεν

127 831 139 864 a
155 805 333 876 θὟδάσπης.
376 803 431 862 Καὶ
446 803 481 872 ὃς,
494 803 519 861 τί
533 803 555 860 δ’
568 804 627 881 οὐχὶ
641 803 749 883 ξιφήρης
759 805 804 863 καλ
813 804 946 877 ἐνόπλιος,

153 891 200 952 ἵνα
215 917 240 951 τι
253 892 320 969 μέγα
334 890 435 972 βέξαςή
450 890 557 967 παθὼν,
572 891 702 965 ἐμπλήσω
714 892 886 971 Χαρίκλειαν,
899 893 946 964 τήν

156 1070 193 1134 τίς
202 1067 327 1144 τέλος,ὡς
336 1066 429 1138 ἔοικεν,
439 1070 516 1142 ήμῶν
528 1070 720 1145 ἀπεγνωκυῖαν.
765 1067 819 1128 Kal
832 1065 948 1130 θὙδιίο·

155 1178 222 1228 πης,
241 1156 277 1215 Τί
299 1153 346 1230 μὲν
362 1154 487 1234 βούλεταί
501 1178 542 1212 σοι
556 1153 600 1214 dal
621 1156 651 1215 τδ
670 1156 850 1236 παραπλέκειν
864 1157 946 1235 όνομα

110 1266 143 1305 ιο
156 1243 317 1325 Χαρικλείας
330 1243 407 1309 αὐτὸς
432 1241 465 1300 ἀν
488 1241 649 1323 γιγνώσκοις·
676 1247 797 1304 παλαίειν
812 1246 836 1303 δ’
850 1235 894 1305 οάν
918 1270 947 1304 σε

155 1333 202 1391 καί
215 1335 244 1391 οδ
260 1330 354 1412 ξιφήρη
371 1331 509 1390 πυκτεύειν
526 1332 626 1412 χρεὼν,
639 1324 706 1411 αἷμα
724 1334 775 1415 γὰρ
792 1333 947 1414 ἐκχεόμενον

156 1420 208 1502 πρδ
219 1426 265 1480 τοῦ
278 1424 371 1502 καιροῦ
386 1425 433 1493 τής
448 1421 538 1488 θυσίας
553 1424 663 1503 ὀφθῆναι
677 1425 706 1480 οὗ
720 1422 833 1498 θεμιτόν.
856 1424 947 1490 Συνεὶς

157 1504 200 1570 νύν
213 1516 227 1570 θ
240 1513 376 1588 Θεαγένης
387 1508 426 1568 θτι
438 1510 552 1569 δέδοικεν
566 1510 769 1587 θὟδάσπ-ηςμή
778 1516 946 1593 προαναιρεθῇ

157 1605 202 1672 τῆς
217 1600 322 1677 θυσίας,
337 1593 377 1660 Ed
391 1603 486 1669 ποιεῖς,
507 1599 573 1680 ἔφη,
596 1604 649 1665 τοῖς
664 1604 730 1666 θεοῖς
750 1623 782 1676 με
796 1601 946 1680 φυλάττων,

106 1709 146 1750 ιι
159 1679 194 1756 οἷς
212 1690 259 1748 καὶ
282 1688 391 1766 μελήσει
411 1689 472 1768 περὶ
494 1693 580 1763 ἡμῶν.
626 1689 679 1748 Καί
694 1687 751 1765 ἅμα
767 1689 837 1748 κόνιν
857 1689 947 1747 ἀνελό·

159 1801 248 1855 μενος,
261 1778 306 1836 καλ
321 1775 401 1854 ῶμοις
415 1800 442 1835 τε
456 1779 501 1835 καὶ
513 1776 627 1856 πήχεσιν
643 1776 681 1835 ἐτι
701 1776 766 1857 πρδς
783 1781 829 1848 τῆς
845 1779 943 1855 βοηλα-

160 1866 215 1934 σίας
228 1863 515 1945 ίδρῶτινενοτισμένοις
527 1865 707 1946 ἐπιχεάμενος,
719 1864 767 1937 τήν
779 1889 807 1924 τε
818 1866 856 1942 μή
868 1889 945 1947 προσ·

161 1954 287 2025 ιζήσασαν
311 1953 534 2030 ἀποσεισάμενος,
554 1953 698 2033 προόάλλει
727 1958 750 2012 τ’
776 1956 888 2026 ἐκτάδην
909 1956 947 2013 τὼ

161 2051 243 2121 χεῖρε,
261 2043 307 2100 καὶ
318 2051 373 2102 τοῖν
388 2045 477 2101 ποδοῖν
491 2042 539 2111 τήν
556 2042 632 2121 βάσιν
648 2045 683 2109 εἷς
698 2041 728 2100 τὸ
740 2044 841 2122 ἑδραῖον
854 2044 945 2123 διερει-

106 2154 152 2187 ,υ
162 2130 285 2207 σάμενος,
299 2129 348 2200 τήν
363 2154 391 2189 τε
405 2130 496 2208 ἰγνύην
510 2129 629 2206 τιμώσας
642 2129 686 2189 καὶ
704 2129 792 2209 ώμους
803 2131 848 2189 καλ
863 2132 946 2209 μετά-

163 2241 239 2299 φρενα
261 2217 383 2299 γυρώσας
405 2219 508 2277 καὶτὸν
526 2218 623 2298 αὐχένα
640 2220 733 2298 μικρὸν
751 2218 896 2293 ἐπικλίνας,
918 2219 948 2277 τό

163 2309 182 2366 θ’
192 2307 253 2366 ὅλον
270 2310 347 2384 σῶμα
362 2306 519 2386 σφηκώσας,
533 2306 650 2377 εἱστήκει
663 2307 711 2374 τθις
729 2307 880 2377 λαθάςτῶν
897 2329 947 2366 πα-

163 2397 312 2473 λαισμάτων
330 2395 439 2454 ὠδίνων.
482 2394 517 2455 Ὁ
533 2396 554 2454 δ’
572 2395 667 2476 Αἰθίοψ
679 2397 787 2475 ἐνορῶν,
803 2395 904 2474 ἐμειδία
920 2419 947 2455 τε

165 2484 267 2565 αισηρδς
278 2483 323 2543 καὶ
333 2484 476 2564 εἰρωνικοῖς
493 2491 545 2549 τοῖς
559 2484 686 2559 νεύμασιν
698 2483 861 2565 ἐκφαυλίζειν
872 2481 947 2565 ἐῴκει

106 2588 139 2624 ⁵
165 2573 202 2630 τδν
216 2572 368 2644 ἀντίπαλον,
381 2571 472 2652 ἀθρόον
484 2573 508 2630 τ’
521 2570 685 2652 ἐπιδραμὼν,
702 2571 746 2630 τόν
762 2595 790 2630 τε
803 2575 892 2651 πῆχυν
905 2574 942 2651 τῷ

167 2662 249 2742 αθχένι
255 2667 300 2720 τοῦ
308 2660 468 2739 Θεαγένους,
477 2657 632 2739 ῶσπερτινθι
643 2660 743 2739 μοχλὸν
752 2658 948 2739 ἐπαράασεικαὶ

167 2750 262 2828 βόμόου
273 2748 338 2830 πρὸς
347 2753 393 2820 τῆς
400 2751 504 2826 πληγῆς
514 2747 719 2820 ἐξακουσθέντος,
726 2739 797 2815 αὖθις
806 2747 955 2826 ἐθρύπτετο

166 2838 203 2897 καί
213 2841 325 2917 ἐπεγελα
339 2839 483 2918 βλακῶδες.
507 2837 542 2897 ‘O
555 2838 582 2895 δὲ
594 2837 737 2914 Θεαγένης,
748 2827 790 2895 οἶα
803 2836 834 2908 δὴ
845 2859 946 2914 γυμνα-

166 2925 222 2985 σίων
237 2925 304 3007 ἀνήρ
313 2926 358 2986 καλ
368 2928 477 3007 ἀλοιφῆς
489 2927 519 2983 ἐκ
530 2926 593 2982 νέων
607 2922 735 2997 ἀσκητὴς,
748 2922 796 2994 τήν
809 2927 832 2982 τ’
848 2923 948 3002 ἐναγώ·

106 3022 138 3057 ¹>
165 3036 211 3073 νινε
226 3012 327 3094 Ἑρμοῦ
342 3013 436 3093 τέχνην
450 3012 620 3091 ήκριύωκὼς,
636 3011 714 3069 εἴκειν
727 3010 759 3069 τὰ
771 3015 864 3090 πρῶτα
880 3015 947 3091 ἔγνω

165 3103 205 3161 καί
222 3103 369 3183 ἀπόπειραν
382 3106 428 3173 τῆς
443 3101 574 3159 ἀντιθέτου
590 3101 725 3175 δυνάμεως
740 3100 870 3173 λαθόντα,
883 3100 948 3180 πρὸς

165 3188 946 3270 μένθγκονοθτωπελώριονκαίθηριοιδῶςτραχυνόμενον,μή

164 3280 238 3357 θμόσε
253 3283 364 3360 χωρεῖν,
376 3278 498 3359 ἐμπειρία
510 3276 537 3336 δέ
549 3277 596 3348 τήν
609 3276 729 3356 ἄγροικον
742 3277 818 3356 ἰσχὺν
831 3299 948 3336 κατασο-

163 3373 293 3449 φίσασθαι.
311 3367 416 3429 Αὐτίκα
431 3372 491 3443 γοῦν
506 3364 592 3443 ὀλίγον
604 3364 663 3423 ἀσον
676 3367 705 3422 ἐκ
716 3368 763 3436 τῆς
775 3369 823 3442 γῆς
834 3366 948 3445 κραδαν-

106 3456 128 3494 ⁵
163 3456 220 3531 θείς,
231 3458 310 3516 πλέον
324 3453 361 3534 (ἢ)
371 3460 406 3523 ὡς
420 3446 489 3534 εἶχεν
502 3455 590 3531 ἀλγεῖν
602 3452 748 3524 ἐσκήπτετο
757 3453 802 3512 καί
812 3459 857 3511 τοῦ
869 3454 948 3534 αὐχέ-

162 3568 200 3613 νος
209 3547 318 3626 θάτερον
331 3543 408 3625 μέρος
420 3543 523 3602 ἔκδοτον
538 3544 573 3610 εἰς
583 3542 613 3600 τδ
622 3541 746 3601 παίεσθαι
757 3542 945 3621 προύδάλλετο.

163 3633 213 3694 Καί
227 3638 273 3692 τοῦ
293 3631 417 3698 Αἰθίοπος
437 3621 511 3696 αύθις
531 3628 677 3702 πλήξαντος
697 3628 834 3709 ἐνδοθςτῇ
856 3632 946 3707 πληγῇ

162 3725 253 3800 μικροῦ
266 3718 312 3779 καλ
326 3717 520 3800 καταφέρεσθαι
534 3717 577 3776 ἐπὶ
588 3715 728 3795 πρόσωπον
743 3716 944 3796 ἐσχηματίζετο.

198 3807 263 3871 ΛΒί.
286 3807 377 3876 Ὧςδέ
393 3805 539 3885 καταγνούς
551 3805 597 3864 καί
609 3806 820 3885 ἀποθαρσήσαςθ
835 3807 945 3888 Αἰθίοψ,

106 3892 125 3931 '
160 3896 178 3955 ἐ
211 3897 315 3965 λάκτως
333 3895 386 3968 ἤδη
407 3894 438 3954 τδ
455 3895 542 3974 τρίτον
564 3895 704 3976 ἐπεφέρετο
726 3891 773 3954 καί
792 3894 836 3952 τδν
858 3899 946 3976 πῆχυν

157 3918 231 4054 agr<
242 3984 380 4055 ἀνατείνας
389 3985 537 4043 κατασείειν
547 3983 664 4060 ἔμελλεν,
674 3983 816 4055 θπεισῆλθέ
825 3985 847 4041 τ’
854 3986 946 4065 ἀθρόον

151 4075 322 4152 ὀΘιαγίνης
339 4072 458 4153 κεκυφὼς
480 4073 527 4144 τήν
547 4070 698 4153 καταφορὰν
713 4071 850 4149 ἐκκλίνας,
866 4073 946 4154 πήχει

150 4185 187 4224 τε
197 4167 237 4246 τῷ
255 4162 332 4244 δεξιῷ
347 4160 391 4221 τδν
406 4162 505 4221 ἐκείνου
519 4163 593 4221 λαιὸν
615 4161 743 4243 βραχίονα
756 4161 946 4242 προσαναστεί-

147 4249 218 4326 lae,
233 4250 354 4333 ἐρρίπισί
368 4273 396 4309 τε
420 4250 463 4309 τὸν
485 4250 628 4310 ἀντίπαλον
642 4249 765 4327 ἀμματι,
781 4251 828 4310 καί
844 4257 876 4331 τῇ
890 4276 946 4311 κα-

145 4350 260 4425 ταφορᾷ
280 4344 327 4411 τῆς
350 4337 417 4407 ἰδίας
440 4341 518 4397 αὐτοῦ
541 4338 627 4419 χειρὸς
650 4342 685 4405 εἷς
705 4339 777 4397 κενὸν
801 4338 947 4419 ἐνεχθείσης

143 4428 221 4510 τρδς
236 4428 268 4489 ab
281 4428 377 4510 ἐδαφος
395 4427 591 4486 ἐπισπασθέντα
613 4425 659 4485 καί
673 4427 724 4485 θπδ
744 4427 791 4499 τήν
805 4427 946 4508 μασχάλην

148 4516 270 4592 Mic,
288 4524 343 4584 τοῖς
363 4539 392 4575 τε
411 4515 501 4582 νώτοις
523 4524 670 4596 περιεχεῖτο
692 4514 738 4573 καὶ
765 4519 879 4595 παχεῖαν
888 4516 946 4588 ’τήν

143 4604 275 4686 γαστέρα
298 4605 423 4685 χαλεπῶς
444 4611 503 4670 ταῖς
520 4604 597 4684 χερσί
627 4603 772 4681 διαζώσας,
799 4602 847 4676 τήν
869 4603 946 4681 βάσιν

138 4692 227 4753 κατὰ
243 4692 278 4753 τά
295 4692 381 4774 σφυρθ
401 4692 447 4751 καί
462 4692 642 4771 ἀστραγάλους
661 4717 693 4772 τη
708 4690 807 4772 πτέρνῃ
830 4693 947 4773 σφοδρῶς

134 4796 185 4841 τι
205 4782 253 4842 καί
273 4781 430 4854 ἐπαλλήλως
444 4781 642 4860 ἐκμοχλεύσας,
665 4783 700 4845 εἷς
713 4781 776 4857 γόνυ
791 4783 814 4838 τ’
835 4781 947 4839 ἀκλάσαι

993 463 1144 524 Theagenem
1159 465 1282 513 contuitus
1303 465 1436 527 Hydaspes
1460 467 1544 514 Graeco
1565 479 1689 523 securene,
1712 471 1780 518 Pere-

992 556 1073 618 grine,
1088 559 1182 618 inquit,
1196 571 1252 606 cum
1267 557 1312 606 lroc
1326 560 1352 608 tc
1367 560 1426 608 inire
1440 562 1562 609 certamen
1579 562 1683 623 populus
1702 562 1779 623 jubet.

992 651 1044 699 Fiat
1057 650 1094 711 id,
1108 651 1173 713 quod
1188 652 1220 701 illi
1241 652 1334 714 placet,
1354 654 1491 715 Timagenes
1505 655 1634 717 respondit.
1668 658 1714 706 Sed
1727 673 1782 721 quae

993 745 1055 793 ratio
1067 749 1103 795 est
1124 746 1277 796 certaminis?
1296 751 1395 809 Luctaa,
1418 749 1494 810 iuquit
1510 750 1642 812 Hydaspes.
1675 755 1706 801 at
1727 752 1781 814 ille,

992 853 1035 888 cur
1047 854 1096 889 non
1109 842 1188 904 potius
1199 842 1348 904 gladiorum,
1360 822 1454 906 inquit,
1468 850 1492 894 et
1508 858 1649 907 armorum,
1662 851 1690 896 ut
1700 849 1781 911 aliquo

938 981 943 1001 ,
992 937 1109 997 praeclaro
1126 939 1231 988 facinore
1244 939 1309 989 edito
1321 946 1362 990 aut
1377 938 1480 1003 cadens,
1491 941 1602 1006 impleam
1616 944 1781 1003 clraricleam,

992 1047 1048 1095 quo
1068 1033 1186 1084 hactenus
1205 1035 1311 1085 rationes
1331 1038 1425 1086 nostras
1444 1041 1522 1087 tacere
1539 1039 1668 1103 sustinuit,
1687 1041 1725 1090 vel
1750 1042 1780 1090 ad

992 1132 1143 1189 extremum,
1159 1134 1187 1179 ut
1203 1131 1308 1192 ridetur,
1320 1145 1365 1181 nos
1375 1133 1455 1183 valere
1467 1133 1547 1194 jussit.
1581 1135 1644 1193 Quid
1660 1135 1706 1184 boc
1721 1135 1780 1196 sibi,

993 1224 1072 1285 inquit
1085 1225 1222 1288 Hydaspes,
1234 1225 1306 1286 velit,
1316 1226 1381 1289 quod
1394 1208 1625 1279 nomen'cbaricleae
1636 1230 1780 1293 admisceas,

992 1320 1017 1366 et
1029 1318 1116 1368 babeas
1130 1319 1155 1368 in
1169 1332 1226 1381 ore,
1245 1320 1295 1383 lpse
1307 1321 1368 1371 seles
1384 1341 1390 1370 z
1410 1323 1435 1371 at
1453 1323 1538 1372 luctari
1558 1327 1583 1373 et
1595 1338 1643 1373 non
1657 1326 1781 1388 digladiari

992 1415 1016 1462 te
1028 1415 1131 1475 oportet.
1164 1414 1288 1478 Siquidem
1302 1416 1442 1477 sanguinem
1452 1418 1556 1468 ellusum
1567 1421 1623 1469 aute
1634 1420 1779 1470 sacrificium

992 1509 1097 1571 conspici
1110 1509 1146 1558 ias
1157 1523 1204 1559 non
1221 1513 1265 1560 est.
1300 1514 1363 1561 curn
1376 1512 1449 1574 igitur
1461 1485 1633 1575 intellexisset,
1652 1516 1717 1578 quod
1730 1530 1781 1566 me·

993 1605 1073 1653 lueret
1086 1605 1210 1667 Hydaspes
1225 1620 1255 1656 ne
1266 1606 1442 1658 interficeretur
1455 1611 1512 1658 ante
1526 1611 1670 1661 sacrificium
1684 1631 1690 1661 ε
1710 1615 1782 1663 Recte

992 1699 1065 1757 lacis,
1082 1699 1176 1761 inquit,
1188 1701 1254 1762 quod
1271 1716 1310 1752 me
1327 1701 1373 1751 diis
1391 1715 1533 1765 conservas,
1555 1705 1643 1767 quibus
1657 1707 1730 1756 etiam
1744 1721 1783 1757 ras

996 1795 1085 1841 nostrie
1097 1806 1162 1842 τινα
1175 1797 1246 1842 erunt
1259 1813 1265 1843 :
1278 1795 1399 1856 simulque
1412 1797 1494 1844 sumto
1513 1797 1626 1858 puluere,
1638 1803 1662 1848 et
1676 1801 1782 1851 humeris

992 1891 1065 1950 atque
1075 1887 1137 1936 ulnis
1146 1888 1226 1937 adlruc
1235 1902 1249 1937 a
1259 1889 1327 1938 boris
1336 1889 1523 1940 circumactione
1533 1894 1620 1943 sudore
1630 1897 1782 1947 madentibus

993 1982 1115 2046 insperso,
1128 1997 1206 2046 eoque
1218 1984 1259 2046 qui
1276 1999 1323 2034 nou
1339 1986 1473 2036 adheserat
1495 2001 1613 2048 excrrsso,
1626 1990 1710 2052 obiicit
1728 2006 1782 2055 por·

993 2079 1078 2127 rectim
1093 2091 1194 2140 manus,
1209 2082 1233 2128 et
1253 2079 1354 2141 pedibus
1373 2081 1398 2130 in
1419 2081 1520 2144 vestigio
1540 2083 1641 2133 firmiter
1658 2086 1744 2137 defixis
1758 2091 1782 2137 at

994 2172 1084 2234 poplite
1102 2173 1191 2223 inllexo
1205 2172 1394 2236 incertamque,
1407 2174 1513 2225 lrumeris
1526 2179 1641 2241 parteque
1654 2180 1717 2229 inter
1731 2195 1782 2231 sca-

993 2267 1062 2330 pulas
1071 2269 1182 2318 contorta
1194 2271 1219 2319 et
1233 2269 1296 2318 collo
1308 2269 1459 2332 aliquantum
1473 2271 1603 2334 inclinato,
1615 2273 1719 2338 denique
1730 2280 1783 2327 toto

994 2373 1094 2422 oorpore
1112 2361 1238 2411 contracto
1258 2361 1353 2422 stabat,
1375 2360 1544 2425 prebensiones
1558 2364 1679 2417 luctarum
1697 2371 1783 2435 cupide

992 2457 1141 2519 exspectans.
1176 2457 1286 2519 AEtlriops
1298 2458 1379 2506 antem
1400 2458 1511 2521 intuens,
1527 2460 1610 2511 hiante
1630 2477 1672 2512 ure
1690 2465 1783 2516 ridebat

995 2555 1020 2602 et
1032 2552 1129 2602 ironicis
1148 2553 1254 2614 gestibus
1266 2553 1382 2603 insultare
1394 2554 1531 2605 aduersario
1551 2557 1687 2609 videbatur.
1720 2564 1782 2611 Turn

993 2651 1090 2711 repente
1104 2649 1241 2699 incursione
1262 2649 1339 2708 lacta,
1359 2649 1468 2700 cubitum
1487 2652 1602 2714 tanquam
1622 2656 1716 2704 rectem
1735 2657 1781 2706 ali·

993 2756 1067 2807 qnam
1083 2743 1144 2792 collo
1163 2743 1295 2806 Tlreagenis
1307 2744 1416 2806 impingit
1436 2763 1443 2794 ε
1464 2758 1541 2808 aqua
1557 2747 1624 2808 plaga
1638 2749 1727 2810 lugenti
1745 2765 1782 2802 so

993 2840 1045 2887 nitu
1057 2837 1183 2898 exaudito,
1196 2852 1280 2887 rursus
1289 2838 1426 2888 exsultabat
1438 2842 1462 2888 et
1473 2840 1558 2890 stolide
1571 2841 1668 2903 insuper
1680 2844 1780 2894 ridebat.

995 2934 1024 2981 at
1045 2930 1196 2993 Theogenes,
1218 2935 1246 2980 ut
1265 2933 1302 2980 vir
1331 2931 1355 2979 iu
1377 2934 1507 2993 gymnasiis
1529 2937 1553 2982 et
1575 2936 1730 2985 unctionibus
1752 2938 1782 2987 ab

995 3020 1095 3068 ineunte
1105 3022 1178 3069 aetate
1194 3019 1352 3080 exercitatus,
1362 3022 1388 3068 et
1396 3021 1503 3070 certandi
1512 3023 1564 3070 arte
1575 3025 1685 3072 Mercurii
1698 3029 1782 3076 exacte

993 3108 1140 3167 instructus,
1161 3107 1246 3157 cedere
1263 3107 1331 3156 initio
1351 3108 1437 3157 statuit
1459 3113 1484 3157 et
1505 3109 1669 3171 experimento
1692 3113 1780 3163 virium

993 3196 1124 3246 adversarii
1142 3198 1236 3257 sumto,
1251 3200 1302 3245 tam
1316 3196 1418 3246 terribili
1434 3197 1533 3259 impetui
1546 3200 1570 3248 et
1590 3199 1640 3248 lero
1660 3215 1707 3250 nou
1723 3203 1780 3251 resi·

992 3286 1070 3344 stere,
1082 3284 1123 3334 sed
1137 3285 1230 3347 agreste
1245 3284 1320 3333 robur
1332 3285 1384 3334 arte
1398 3284 1503 3335 eludere.
1537 3286 1625 3335 Statim
1641 3288 1714 3349 igitur
1725 3303 1780 3338 cum

995 3374 1129 3437 paullulum
1140 3375 1236 3424 unium
1248 3386 1263 3422 a
1275 3375 1339 3423 terra
1350 3375 1486 3424 commotus
1495 3376 1572 3434 esset,
1582 3376 1658 3437 magis
1666 3391 1691 3426 se
1701 3377 1782 3429 dolere

993 3476 1067 3525 quarn
1084 3476 1168 3513 revera
1190 3462 1288 3513 dolebat
1300 3461 1432 3513 simulabat
1452 3467 1477 3512 ct
1496 3464 1551 3513 colli
1565 3464 1667 3515 alteram
1687 3470 1781 3529 partem

993 3554 1128 3615 expositam
1149 3552 1179 3601 ad
1201 3551 1276 3601 ictum
1297 3550 1466 3615 excipiendum
1491 3552 1627 3615 objiciebat.
1670 3559 1781 3618 cumque

993 3641 1102 3704 AEtlriops
1119 3641 1207 3690 ilerum
1222 3640 1341 3699 feriisset,
1354 3638 1441 3690 cadem
1458 3641 1548 3703 plagae,
1566 3642 1741 3704 propemodum
1757 3656 1782 3692 se

993 3729 1079 3779 collabi
1089 3730 1114 3778 in
1129 3728 1213 3778 taciem
1226 3728 1339 3791 tingebat.

1024 3817 1121 3865 XXXII.
1145 3818 1176 3865 at
1199 3817 1327 3877 postquam
1349 3814 1374 3863 in
1403 3815 1554 3866 contemtum
1576 3816 1641 3866 illius
1663 3817 1782 3869 adductus

995 3916 1104 3979 AEthiops
1115 3917 1139 3966 et
1150 3917 1285 3978 animatus,
1303 3917 1398 3966 incauta
1408 3916 1458 3979 jam
1472 3918 1544 3968 tertio
1559 3919 1666 3969 irruebat
1677 3923 1702 3970 et
1712 3921 1780 3971 cubi·

993 4013 1045 4061 tum
1058 4023 1139 4059 rursus
1148 4009 1271 4060 sublatum
1283 4012 1432 4072 impacturus
1440 4013 1506 4071 erat,
1515 4012 1591 4062 subiit
1600 4014 1781 4076 repenle'rbea·

992 4119 1076 4170 genes,
1091 4105 1220 4156 inllexione
1234 4105 1341 4169 corporis
1355 4106 1446 4169 impetu
1466 4105 1585 4157 declinato
1597 4110 1620 4157 el
1636 4110 1723 4159 dextro
1736 4123 1780 4158 cu-

997 4201 1048 4251 bito
1068 4201 1163 4250 sinistro
1185 4200 1249 4250 illius
1269 4199 1367 4249 braclrio
1385 4213 1480 4250 sursum
1502 4201 1604 4265 impulso
1624 4216 1652 4251 ac
1675 4207 1781 4264 remoto,

993 4288 1093 4353 projecit
1105 4289 1270 4339 adversarium
1283 4289 1348 4339 nodo
1368 4288 1527 4354 implicitum,
1548 4293 1621 4352 atque
1637 4292 1710 4339 etiam
1728 4304 1779 4340 suae

994 4395 1082 4431 manus
1101 4382 1206 4445 impulsu
1221 4382 1309 4431 frustra
1331 4381 1432 4431 incitato
1453 4383 1478 4432 in
1493 4383 1571 4432 solum
1593 4385 1736 4446 abreptum,
1755 4388 1781 4435 et

991 4476 1038 4526 sub
1051 4475 1149 4525 axillam
1164 4475 1228 4524 illins
1242 4489 1268 4525 ιε
1283 4475 1424 4537 conjiciens,
1443 4475 1682 4527 circumfundebatur
1700 4480 1780 4540 tergo,

993 4584 1120 4635 crassoque
1133 4573 1217 4621 ventre
1227 4570 1358 4621 dililculter
1369 4571 1481 4622 manibus
1493 4571 1586 4632 clncta,
1598 4584 1705 4633 ατεεςυαι
1715 4573 1779 4621 circa

993 4667 1054 4717 talos
1067 4669 1093 4717 et
1112 4667 1236 4717 malleolos
1249 4667 1364 4718 calcaneo
1377 4681 1464 4731 magna
1485 4669 1508 4717 vl
1530 4668 1559 4717 et
1571 4667 1638 4716 nulla
1658 4668 1779 4719 intermis-

993 4763 1059 4812 sione
1083 4762 1144 4811 lacia
1165 4761 1296 4812 demolitus
1317 4766 1342 4813 et
1359 4764 1384 4812 in
1405 4775 1482 4826 genua
1498 4761 1657 4824 procumbere
1677 4775 1779 4826 cogens,

141 4869 337 4946 βωσάμῃος,
361 4869 515 4951 ἀμ,,6,,γ,,,
529 4869 582 4934 ,οἷς
597 4867 659 4926 ποσὶ
678 4868 724 4926 „q
737 4876 791 4936 ,οἷς
804 4867 873 4927 ,mg
887 4869 946 4937 ,οης
968 4852 971 4947 γ
993 4855 1126 4905 circumdat
1139 4855 1240 4919 pedibus
1254 4860 1280 4907 et
1294 4856 1403 4919 partibus
1418 4857 1482 4906 circa
1494 4855 1592 4918 ingulna
1606 4856 1707 4919 pressis,
1723 4869 1779 4906 cru.

140 4956 296 5033 βουθῶνας
307 4958 341 5016 rt
356 4958 437 5031 σκέλη
461 4956 640 5037 καταπείρας,
665 4957 723 5024 τούς
734 4981 763 5016 τε
775 4955 893 5039 καρπούς
909 4949 946 5027 οἷς

138 5043 355 5130 ἐπερειδόμενος
364 5051 378 5106 θ
388 5045 484 5124 Αἰθίοψ
495 5049 581 5125 ἀνεῖχε
591 5046 624 5104 τὰ
635 5045 729 5125 στέρνα
741 5046 947 5127 ἐκκρουσάμενος

140 5136 201 5197 hul
226 5136 282 5202 τοῖς
295 5134 432 5216 κροτάφοις
453 5137 489 5200 είς
507 5134 584 5212 ἅμμα
599 5134 658 5202 τούς
680 5133 773 5214 πήχεις
796 5136 946 5217 περιάγων,

995 4953 1061 5003 ribus
1074 4967 1103 5003 ac
1119 4952 1204 5016 palmis
1218 4951 1307 5014 quibua
1320 4950 1425 5001 innitens
1437 4951 1545 5014 AEtlrlops
1559 4954 1643 5014 pectus
1654 4951 1780 5001 attollebat

993 5049 1114 5109 excussis,
1133 5047 1228 5098 cubitos
1245 5048 1302 5098 nodi
1317 5047 1392 5097 iusim
1406 5047 1498 5099 circum
1512 5048 1623 5110 tempora
1634 5045 1736 5106 ductos,
1750 5045 1779 5094 ad

993 5146 1087 5207 tergum
1107 5147 1133 5194 et
1152 5144 1265 5194 lrumeroa
1283 5143 1420 5205 retrahens,
1440 5145 1549 5193 ventrem
1564 5141 1628 5192 illius
1647 5141 1671 5189 in
1689 5143 1778 5190 terram
