3726 5692
12 344 17 353 “
118 353 154 402 fis
611 341 612 346 ’
745 366 749 374 ’
818 340 972 402 ΒΙΒΛΙΟΝ
993 342 1031 403 Θ.

186 467 267 529 ’nlla
281 466 345 547 πρδς
359 466 449 547 ὄρθρον
463 471 479 538 ἡ
494 467 562 539 καλὴ
573 485 618 525 και
632 467 776 546 παγκάλη,

187 560 259 628 broii
272 555 390 635 γέροντος
403 554 554 633 Μυρτίωνος
568 554 693 635 θυγάτηρ,

187 642 375 703 καταλαύοθσα
393 642 440 713 τὴν
458 641 534 723 σορδν
549 644 733 722 Καλλιγόνης,

189 732 275 790 ἔλονεν
290 731 371 802 αὐτὴν
385 730 451 789 cilio
464 730 571 811 λουτρὸν
587 731 719 811 δακρύων.

136 841 176 879 nno
186 820 225 879 it
234 821 284 897 γὰρ
293 821 423 895 γυναικῶν
439 818 655 895 συμπαθέστατον
670 819 750 899 φύλου

188 906 366 983 έτοιμοπενθές
381 908 437 965 ἔστι
450 905 496 964 καί
508 905 586 975 ξένοις
597 906 700 984 πόνοις,

191 995 235 1054 καί
250 995 392 1074 ριλόδακρυ
405 994 504 1073 γίνεται
517 995 681 1075 παραυτίκα

187 1087 232 1142 οὐκ
247 1085 273 1141 έν
290 1084 358 1162 μόνη
369 1086 419 1163 γάρ
437 1087 577 1163 συμφορῶν
588 1083 742 1162 περιστάσει

189 1174 259 1251 ριλεῖ
269 1170 299 1228 τὸ
310 1175 411 1228 πενθεῖν
426 1170 471 1228 καί
481 1170 511 1228 τὸ
526 1170 628 1249 μακρὸν
642 1169 779 1247 δακρύειν,

46 1290 49 1295 ·
137 1280 175 1319 nas
189 1261 346 1336 καὶμᾶλλον
361 1257 386 1316 εί
395 1282 432 1324 τις
445 1258 584 1338 έκπεράσοι
596 1257 640 1316 τὸν
654 1259 722 1337 βίον·

191 1349 314 1418 διηνεκῶς
327 1345 353 1405 δέ
370 1347 415 1405 καί
429 1346 530 1426 χρόνων
545 1346 712 1426 περιδρόμοις

190 1439 270 1504 σῶζον
285 1439 370 1494 κακῶν
382 1434 482 1494 ἔννοιαν
496 1433 682 1515 άμριδακρύει.

190 1523 283 1590 Ούτως
299 1523 385 1594 όκείνη
400 1527 543 1599 συμπαθῶς
553 1527 569 1593 ἡ
581 1522 706 1602 παρθένος
768 1600 772 1607 .

187 1614 303 1672 λαθοῦσα
320 1611 379 1678 τούς
393 1611 540 1692 τέσσαρας,
553 1614 588 1678 ὡς
599 1610 767 1688 κοιμωμένη,

139 1720 179 1759 aaa
196 1699 332 1774 Γνάθωνα,
348 1700 491 1779 Μυρτίωνα
507 1699 551 1757 τὸν
565 1699 736 1779 φυτοσπόρον,

119 1846 121 1851 ,
191 1788 236 1846 καί
253 1788 306 1862 μὴν
320 1789 458 1868 Χαρικλῆν
471 1787 517 1845 καί
532 1786 576 1844 τὸν
592 1788 670 1844 αὐτοῦ
684 1784 804 1864 πατέρα,

194 1876 285 1956 ἔκραζε
300 1876 467 1945 κυπτάζουσα
483 1874 546 1953 πρὸς
562 1873 744 1951 Καλλιγόνην·

194 1965 302 2024 ἔτυπτεν
318 1966 353 2030 είς
364 1963 394 2021 τὸ
407 1963 523 2043 στέρνον,
538 1962 706 2041 άνεκεκράγει

195 2053 262 2129 μετὰ
277 2057 431 2129 στεναγμῶν
446 2051 492 2111 καί
506 2053 564 2129 μετ’
578 2049 678 2129 όμύρου
693 2047 826 2129 δακρύων

142 2162 182 2201 aas
196 2171 206 2192 ι
220 2131 241 2200 ῶ
256 2140 343 2199 πολλὰ
357 2141 554 2220 βασκαίνουσα,
571 2138 701 2216 δυσμενὴς
712 2137 809 2217 Τύχη,

193 2259 204 2281 ι
221 2233 267 2288 οὐκ
283 2229 397 2310 ἤρκεσάν
415 2253 455 2288 σοι
473 2227 507 2286 τὰ
520 2226 760 2309 προσυμόεόηκότα

194 2347 205 2370 ι
221 2317 330 2395 ἀλγεινὰ
345 2316 427 2394 πικρά
441 2320 473 2394 τῇ
488 2315 635 2394 Δροσίλλης
649 2313 763 2393 καρδία·

982 489 1013 536 nt
1028 499 1099 536 mane
1113 486 1274 549 pulcherrime
1286 487 1411 547 Myrtionis
1425 486 1501 537 retuli
1514 486 1564 537 tilis
1575 489 1704 540 accedeus
1717 492 1745 540 ad

950 571 1085 635 Colligoues
1096 571 1250 634 sepulchrum
1261 585 1324 622 noro
1340 572 1364 621 id
1378 573 1539 638 lscryanarnm
1550 576 1679 628 libamine
1688 578 1746 640 riga·

949 660 998 710 bat.

979 826 1041 874 llam
1053 825 1171 887 tiernium,
1185 839 1240 889 quse
1252 826 1321 876 laclle
1331 827 1361 876 nd
1373 830 1467 878 teneros
1480 830 1585 880 allectus
1601 837 1746 894 morentur,

949 912 1026 963 aliens
1037 914 1108 963 etism
1122 913 1212 964 delient
1221 915 1363 976 infortunia,
1371 919 1396 965 et
1408 915 1432 964 in
1444 917 1524 966 laciles
1535 921 1624 968 statim
1638 934 1748 982 prorum-

949 1004 1010 1064 punt
1024 1002 1149 1064 lacrymas.

981 1093 1034 1140 tlon
1046 1091 1110 1140 enim
1122 1091 1147 1139 ln
1161 1091 1317 1153 presentibus
1331 1095 1426 1141 tantum
1438 1093 1577 1144 iniouunns
1590 1095 1681 1145 dolere
1692 1109 1748 1146 oon·

954 1182 1095 1240 asseverant,
1106 1180 1230 1241 largosque
1239 1180 1362 1231 eiluudere
1373 1180 1452 1243 llelus,
1464 1185 1685 1246 preesertimqnesi
1696 1187 1749 1247 quis

951 1268 1028 1317 evita
1043 1268 1181 1330 σιωπὴ
1198 1269 1240 1318 sed
1259 1268 1393 1319 diutissime
1414 1284 1503 1338 perque
1530 1272 1604 1334 longa
1624 1286 1747 1323 annornm

952 1356 1030 1420 spatla
1048 1357 1143 1407 tristem
1166 1358 1297 1408 recolentes
1313 1358 1454 1408 memoriam
1469 1359 1584 1422 lacrymis
1604 1375 1690 1424 nsque
1708 1377 1747 1424 pa·

952 1448 1056 1494 rentant.

985 1710 1024 1759 Sic
1039 1711 1142 1760 brosills
1151 1712 1239 1761 allecta
1251 1713 1339 1774 percita
1351 1711 1508 1772 misericordi,
1521 1713 1586 1763 clam
1599 1716 1745 1772 Gnatbone.

953 1798 1072 1859 Myrlione
1085 1802 1166 1861 patre,
1181 1804 1205 1849 el
1220 1801 1346 1861 Chariclo,
1360 1805 1476 1865 patreque
1485 1801 1617 1863 Chariclis,
1632 1807 1680 1866 qui
1695 1819 1747 1853 eam

929 1901 933 2016 γ
953 1899 1038 1935 somno
1046 1888 1165 1950 sepultam
1177 1902 1228 1939 esse
1236 1889 1359 1951 rebantur,
1368 1893 1393 1941 in
1401 1892 1535 1953 Calligenes
1544 1905 1629 1941 arcam
1640 1892 1748 1942 demisso

954 1976 1045 2038 capite,
1058 1979 1142 2039 pectus
1156 1977 1283 2039 tundebat,
1303 1979 1471 2042 clamabatque
1482 1980 1588 2041 gemitus
1602 1980 1670 2030 inter
1687 1983 1748 2030 eliu·

929 2022 933 2091 ί
954 2079 1057 2127 sumque
1075 2067 1235 2128 lacrymarum
1252 2082 1349 2118 rorem:

988 2172 1000 2194 α
1019 2154 1144 2213 oinrids,
1158 2155 1288 2205 ocrudelis
1301 2159 1417 2218 Fortuna,
1430 2171 1478 2207 uon
1493 2156 1536 2207 tibi
1548 2157 1617 2208 inere
1632 2160 1695 2209 satis
1712 2163 1747 2209 tel

930 2268 933 2297 ι
956 2263 968 2284 α
983 2244 1155 2294 amaritudines
1161 2246 1249 2308 quibus
1259 2249 1329 2295 antea
1337 2246 1446 2295 Drosillae
1456 2261 1498 2296 cor
1507 2249 1617 2307 satiasti,
1630 2250 1675 2298 sed
1687 2264 1747 2311 prm

930 2304 934 2399 ί
956 2361 968 2384 ι
982 2331 1059 2382 teritis
1070 2332 1196 2383 cumulum
1210 2334 1343 2396 imposuisti
1357 2334 1434 2384 malis.

195 2435 206 2457 ι
220 2407 290 2465 ἀλλὰ
308 2408 372 2484 πρὸς
388 2405 534 2469 αὐτοῖςκαὶ
552 2403 581 2461 τὸ
595 2402 687 2461 λοιπόν
702 2402 838 2484 εἰσφέρεις.
930 2402 934 2439 ³

195 2523 207 2545 a
223 2495 262 2554 Σὺ
276 2493 322 2570 μὲν
339 2499 460 2557 θανατοῑς
469 2491 596 2567 παρθένοι
608 2490 786 2566 Καλλιγόνην,

143 2601 183 2640 sto
198 2609 210 2632 ι
228 2581 381 2659 Καλλιγόνη
394 2580 422 2637 δὲ
437 2581 479 2637 τὸν
496 2579 644 2656 Κλέανδρον
656 2578 782 2635 κτιννύει·

193 2698 204 2721 ι
218 2674 231 2726 θ
244 2669 270 2727 δὲ
288 2669 435 2745 Κλέανδρος
445 2666 504 2733 τοὺς
520 2667 619 2725 ἐκείνου
629 2665 749 2741 γνησίους

197 2786 207 2808 ι
224 2759 253 2816 ού
269 2759 436 2826 συνθανατοῖ,
450 2760 483 2836 τῇ
499 2755 526 2813 δέ
540 2755 639 2812 τούτων
652 2754 748 2834 καρδίη

194 2874 205 2896 r
222 2845 307 2916 λύπης
321 2843 449 2913 τοσαύτης
464 2842 622 2918 ἀντιπέμπει
636 2840 751 2920 πικρίας.

197 2963 208 2985 ι
223 2935 322 3014 Θρηνῶ
337 2955 366 2989 σε
379 2932 482 3004 τοίνυν,
494 2921 517 2990 ‹Y›
531 2932 597 3009 κόρη
610 2931 779 3006 Καλλιγόνη,

142 3043 180 3082 ττι
199 3052 210 3074 ι
225 3021 404 3100 συμπαρθένε,
421 3021 505 3078 κλαίω
521 3043 550 3078 σε
562 3023 596 3096 γῇ
613 3017 794 3099 κεχωσμένην,

194 3140 205 3162 ο
222 3111 280 3168 ἀντὶ
295 3109 446 3184 Κλεάνδρου
459 3113 503 3165 τοῦ
516 3104 745 3185 προεξῳχηκότος,

193 3227 205 3253 ι
217 3203 262 3258 τοῦ
277 3195 521 3275 συγξενιτεύσαντος
532 3199 596 3271 ἡμῖν
607 3198 634 3251 ἐν
650 3193 740 3261 ξένοις·

196 3316 207 3342 ι
225 3289 311 3368 θρηνῶ
327 3309 355 3343 σε
369 3284 467 3363 μητρὸς
477 3284 521 3341 καὶ
534 3284 631 3362 πατρὸς
644 3283 826 3361 στερουμένην,

196 3406 208 3430 r.
222 3378 266 3435 καὶ
280 3379 326 3456 ρείί
338 3380 344 3432 l
358 3378 496 3445 θανοῦσαν,
512 3371 581 3431 ἀλλὰ
596 3369 700 3448 μακράν
713 3369 850 3447 πατρίδος,

143 3485 184 3523 ann
197 3493 209 3518 ι
222 3466 254 3535 ἣν
269 3466 298 3522 ού
317 3463 447 3533 κατεῖδον,
462 3463 490 3519 ού
501 3461 627 3530 συνῆλθον
640 3460 675 3526 εἷς
690 3456 794 3536 λόγους,

194 3583 206 3605 ιι
221 3553 267 3611 οὐκ
280 3553 314 3619 εἰς
328 3549 415 3630 χαρὰν
427 3548 533 3629 ἔστερξα
544 3550 588 3606 καὶ
603 3549 790 3628 προσεπλάκηυ
804 3594 811 3622 ,

199 3672 209 3695 ι
223 3644 249 3698 ἐν
266 3650 412 3719 συμφοραῖς
425 3640 472 3697 οὐκ
487 3636 564 3717 ἔσχον
580 3639 615 3703 τίς
628 3635 713 3708 λύπης
726 3636 796 3700 άκος.

194 3760 205 3784 ι
219 3730 268 3793 Ὡς
280 3728 330 3786 είθε
341 3729 385 3786 καὶ
401 3725 550 3806 Κλέανδρον
561 3728 608 3783 οὐκ
619 3717 686 3783 εἶδον
700 3724 793 3793 πάλαι,

196 3850 206 3870 ι
221 3819 265 3878 καί
280 3814 463 3895 συμμετέσχον
483 3817 528 3874 καί
538 3818 639 3895 τρορῶν
650 3815 695 3871 καί
710 3812 844 3892 δακρύωνί

145 3929 185 3968 ass
201 3936 213 3959 s
227 3904 266 3967 Σίν
281 3907 303 3963 δ’
316 3907 385 3962 ἀλλὰ
397 3903 467 3971 δέξαι
482 3902 529 3974 τὴν
546 3902 611 3980 ἐμὴν
624 3902 780 3983 θρηνῳδίαν,

205 4025 216 4050 ι
232 3995 264 4066 ἣν
275 3999 308 4058 ὡς
320 3991 385 4071 χοδς
396 3997 440 4049 νῦν
453 3992 574 4059 πενθικδς
584 3991 694 4051 ἔσπεισά
706 4015 755 4053 σοι.
770 4020 781 4041 r

200 4091 300 4170 E'r'prprs
315 4092 410 4162 ταῦτα,
427 4089 471 4145 καί
485 4088 542 4164 μετ’
555 4090 640 4153 αἰδοῦς
651 4086 761 4162 κοσμίας

199 4179 333 4240 Γνάθωνος
345 4165 416 4239 αύθις
440 4178 580 4247 ἀντεσῆλθε
593 4175 640 4245 τὴν
655 4176 763 4251 στέγην·

198 4269 264 4337 ὅθεν,
275 4264 375 4332 ξενίσας
391 4261 448 4327 τοὺς
462 4262 585 4341 γέροντας
594 4265 608 4319 θ
618 4262 724 4322 Γνάθων

149 4380 190 4417 του
201 4356 249 4415 σὺν
264 4353 316 4418 τοῖς
324 4349 423 4417 τέκνοις
438 4355 520 4430 σφῶν,
531 4351 600 4430 ἀμφὶ
615 4351 722 4428 πρώτην
741 4348 857 4428 ἡμέραν,

198 4445 252 4503 ἐκεῖ
263 4440 382 4505 θελοντας
395 4444 554 4520 καρτερῆσαι
565 4439 602 4514 μὴ
615 4439 703 4509 πλέον,

201 4533 274 4597 τελος
285 4524 435 4605 προσελθὼν
452 4528 496 4584 καί
512 4525 660 4606 προσειπὼν
671 4524 800 4601 ἀσμένως,

201 4621 246 4680 καὶ
256 4617 361 4696 γνήσιον
374 4615 477 4696 φίλημα
490 4616 548 4680 δοὺς
564 4619 616 4680 τοῖς
633 4614 768 4692 ἀνδράσιν,

201 4715 237 4777 εἰς
249 4703 370 4781 δευτέραν
382 4748 391 4778 ‚
404 4703 505 4784 ἔπεμψε
517 4703 579 4783 προς
588 4702 635 4772 τὴν
650 4702 773 4781 πατρίδα.

150 4822 187 4861 τοι
208 4804 264 4870 Τῆς
275 4789 319 4857 οὖν
329 4795 463 4864 θαλάσσης
473 4783 501 4850 ab
514 4790 769 4870 κατεστορεσμένης,

202 4893 231 4947 ού
242 4887 388 4963 πνεύματος
399 4884 520 4945 πνέοντος
532 4881 734 4959 δλκαδσρθύρυυ,

199 4979 291 5034 αὐτῶν
310 4971 433 5051 κυμάτων
449 4968 734 5049 ἇμτγικυλινδσυμένων,

202 5054 273 5122 οὗτοι
287 5064 429 5142 προσηνοῦς
440 5056 611 5137 ἧμερωτιίτοι
624 5054 704 5114 πλόου

202 5151 344 5232 τυχόντες,
358 5148 509 5209 ἐστέλλοντο
522 5144 585 5224 πρὸς
595 5149 645 5220 γῆν
661 5142 799 5225 φιλτάτην.

988 2506 1137 2568 «Virginem
1157 2507 1252 2568 perimis
1271 2507 1426 2568 calligonen,
1450 2509 1570 2571 Calligone
1590 2509 1746 2559 Cleandrum

957 2616 968 2636 r
987 2595 1052 2645 letbo
1064 2595 1158 2656 tradit;
1176 2595 1295 2644 Cleander
1305 2609 1364 2644 raro
1382 2597 1473 2646 amicos
1482 2609 1562 2645 secum
1575 2596 1680 2658 quidem
1700 2611 1749 2647 non

957 2704 968 2725 ο
985 2684 1058 2733 inlert
1075 2684 1186 2743 romulo,
1199 2682 1242 2733 sed
1252 2684 1358 2745 ipsorum
1372 2689 1470 2746 pectora
1481 2684 1644 2734 acerbissimis
1659 2689 1750 2748 pungit

930 2752 934 2843 ί
957 2791 969 2814 ι
983 2772 1192 2823 sollicitudinibus.

992 2934 1004 2956 «ι
1018 2916 1120 2964 Proinde
1132 2916 1207 2976 virgo,
1216 2915 1291 2963 ‹lelleo
1304 2920 1339 2974 te,
1349 2913 1483 2974 Calligene,
1494 2912 1627 2975 virginem;
1640 2913 1712 2972 lugeo
1722 2918 1744 2960 te

961 3023 973 3046 ι
988 3001 1105 3051 delossum
1118 3006 1194 3061 terra,
1208 3014 1282 3063 quum
1291 3003 1315 3050 te
1327 3013 1374 3049 non
1389 3000 1462 3061 possit
1474 3000 1553 3060 lugere
1562 2999 1684 3047 Cleander
1692 3000 1742 3058 jam

958 3109 968 3131 r
982 3088 1012 3138 ad
1025 3089 1245 3153 pluresproteclus,
1258 3087 1327 3137 nobis
1337 3087 1396 3137 olim
1409 3087 1533 3151 longinqui
1544 3101 1630 3137 nomes
1642 3102 1685 3150 per
1702 3103 1746 3138 ex·

958 3197 969 3220 κ
985 3183 1048 3227 teras
1059 3177 1166 3241 regiones
1176 3176 1276 3227 itineris,

989 3297 1000 3317 ι
1019 3278 1100 3339 Lngeo
1109 3279 1134 3325 te
1146 3278 1223 3325 matre
1237 3275 1357 3337 patreque
1372 3276 1511 3333 carentem,
1529 3276 1553 3323 st
1565 3274 1614 3324 ben
1624 3278 1630 3322 t
1642 3288 1656 3322 a
1669 3278 1745 3336 patris

958 3385 969 3407 ι
985 3365 1068 3426 pruaul
1080 3365 1129 3414 ritn
1139 3364 1261 3425 lonclam3
1275 3365 1300 3412 te
1314 3377 1385 3426 qnam
1394 3362 1506 3411 ridereet
1515 3363 1605 3425 alloqui
1620 3364 1678 3411 milri
1692 3378 1740 3413 non

959 3474 971 3496 ι
986 3453 1071 3502 datum
1090 3455 1144 3511 est;
1159 3464 1231 3513 quam
1254 3449 1308 3498 loeta
1327 3452 1448 3498 emarcet
1464 3452 1568 3498 osculari
1590 3465 1639 3500 non
1664 3454 1745 3512 potui,

931 3581 936 3617 γ
959 3561 970 3584 ι
984 3554 1057 3603 quam
1070 3541 1094 3589 in
1102 3539 1218 3588 aerumnis
1228 3551 1276 3587 non
1285 3537 1358 3587 babui
1368 3536 1456 3586 doloris
1465 3537 1576 3587 solatium

990 3755 1001 3776 ιι
1016 3737 1095 3796 alque
1108 3732 1201 3782 utinam
1219 3743 1264 3780 nec
1277 3729 1422 3780 Cleandrum
1435 3728 1547 3778 vidissem
1562 3742 1686 3793 unquam,
1698 3746 1742 3781 ner.

959 3846 971 3867 ι
990 3823 1085 3873 ῐοίωοιιι
1099 3823 1143 3885 ipsi
1154 3834 1242 3871 mensas
1253 3820 1318 3868 socia
1330 3812 1553 3881 l‘scrymarumquet

991 3916 1087 3963 «Nunc
1113 3917 1194 3960 tamen
1222 3921 1288 3957 meos
1308 3907 1409 3969 benigna
1439 3907 1541 3968 gemitus
1562 3909 1662 3970 accipe,
1685 3925 1745 3972 qnos

959 4024 971 4045 ιι
984 4004 1070 4050 musta
1085 3999 1128 4050 tibi
1141 3997 1191 4048 ludi
1205 3996 1326 4046 libamina.
1340 4015 1353 4038 ν

989 4093 1047 4140 llaec
1062 4089 1121 4148 tata,
1133 4087 1219 4150 pudico
1228 4098 1311 4149 gressu
1321 4084 1454 4134 Gnathonis
1462 4086 1526 4134 tecta
1544 4085 1666 4146 repetivit.

990 4178 1119 4239 Cuntbou,
1129 4176 1171 4238 qni
1186 4187 1252 4224 senes
1263 4173 1335 4222 ambo
1344 4186 1399 4222 cum
1412 4173 1501 4232 liberis,
1512 4173 1590 4235 primo
1604 4173 1660 4235 die,
1674 4189 1744 4224 erce·

961 4270 1028 4332 perat
1046 4263 1164 4329 bospitio,
1183 4264 1275 4320 altero,
1292 4261 1400 4312 nolentes
1413 4260 1463 4323 jam
1482 4260 1573 4310 diutius
1588 4265 1744 4319 commorari,

958 4357 1025 4417 adiit,
1043 4354 1205 4414 salutatosque
1218 4352 1296 4400 amice
1304 4348 1438 4409 osculatus,
1452 4349 1476 4398 in
1487 4349 1588 4411 patriam
1600 4365 1685 4399 rursus
1695 4357 1744 4401 ten·

958 4446 1041 4496 denies
1050 4443 1152 4494 demisit.

990 4778 1114 4832 l’lsrrdum
1128 4779 1208 4828 stabat
1220 4789 1301 4836 mare,
1317 4775 1419 4825 silebant
1431 4776 1497 4825 renti
1519 4775 1623 4825 naribus
1639 4777 1743 4836 inimici,

957 4873 1031 4922 uultu
1045 4868 1204 4919 mittebantur
1221 4866 1294 4914 minen
1305 4864 1435 4926 θυοιιιυιιις
1446 4867 1487 4924 el,
1499 4867 1574 4914 nacto
1583 4865 1632 4915 leni
1646 4869 1670 4914 et
1679 4880 1743 4914 mm-

957 4959 1095 5011 mod'mimo
1105 4957 1198 5018 mrigio
1208 4991 1216 5016 ,
1228 4958 1307 5002 amata
1318 4954 1407 5015 petiere
1418 4952 1507 5003 littora.
