3726 5692
155 365 213 416 286
711 335 921 396 nationum
944 332 1253 393 AETHIOPICORUM
1345 378 1348 383 .

155 486 212 542 ἀλλ’
228 480 266 561 ἐφ’
282 477 392 558 ἡσυχίας
401 474 446 534 καλ
464 472 538 550 μόνος
552 476 627 530 ποιοῦ
639 468 686 536 τάς
700 468 834 537 ἐντεύξεις.
851 465 942 545 Ἀντῇει
987 470 1033 530 ris,
1053 469 1095 518 scd
1113 467 1306 532 qrrietoetsolua
1322 477 1417 514 mecum
1432 461 1587 525 congredere.
1620 459 1759 510 Abibatsrh

253 569 261 594 '
988 560 1071 609 tristis.

155 593 295 719 καιτῖίάηξί)
318 653 344 711 δέ
367 652 504 731 Χαρικλῆς
527 649 562 714 είς
582 646 630 719 τὴν
652 645 794 724 ὑστεραίαν
809 642 941 724 ἐντυχὼν,
1021 649 1076 696 vu.
1102 645 1224 695 chariclea
1246 647 1327 692 autem
1350 640 1465 704 postridie
1488 638 1549 689 mihi
1568 639 1649 688 tactru
1668 636 1760 698 obviam,

155 751 221 819 ὁμοῦ
235 745 259 803 τ’
273 733 325 802 εἶδε
343 740 389 799 καὶ
407 734 584 816 προσδραμὼν
604 733 687 816 ἐφίλει
701 732 788 792 πολλά
801 730 848 803 τὴν
863 754 943 811 κεφα-
989 735 1168 798 quamprimum
1181 747 1220 782 me
1234 732 1308 792 uidit,
1319 743 1462 791 accurrens,
1479 728 1605 778 multoties
1616 730 1691 790 caput
1704 738 1758 776 orer·

127 834 220 906 ὁλην·
235 836 322 893 Τοῦτο
344 826 437 910 σοφία,
462 830 539 884 τοῦτο
561 821 654 904 φιλία,
677 824 792 900 συνεχῶς
810 820 941 879 ἀναύοῶν.
991 824 1105 873 labatur:
1120 824 1225 872 Tantum
1240 820 1305 870 valet
1316 818 1446 882 sapientia,
1459 818 1557 867 tantum
1569 814 1692 877 amicitia,
1704 816 1760 864 orati

155 918 287 982 Ἥνυσταί
301 941 343 977 σοι
367 913 435 994 μέγα
457 912 546 992 ἔργον·
562 911 677 969 ἑάλωκεν
692 914 709 981 ἡ
732 909 882 975 δυσάλωτος
897 905 943 964 καλ
990 926 1039 962 uuo
1050 912 1205 962 exclamans:
1222 909 1354 971 perfectum
1364 909 1425 958 esta
1439 908 1465 956 te
1478 917 1595 968 magnum
1607 916 1679 966 opus.
1702 905 1760 967 caph

156 1011 320 1077 νενίκηταιὴ
340 1001 595 1079 δυσκαταμάχητος·
610 1002 657 1077 ἐρᾷ
670 998 829 1078 Χαρίκλεια.
874 995 944 1074 Πρός
990 1004 1040 1060 est,
1059 1012 1116 1063 qnoe
1130 998 1235 1049 difficilis
1253 1000 1325 1060 captu
1343 995 1388 1045 ruit
1405 997 1431 1044 et
1445 994 1513 1043 ’ricta
1523 994 1575 1054 eat,
1592 990 1759 1055 inexpuqnnbl'a

155 1098 228 1157 ταῦτ’
238 1094 417 1176 ἐθρυπτόμην,
430 1090 549 1149 ἀνέσπων
563 1111 591 1146 τε
604 1087 651 1157 τὴν
664 1084 743 1166 ὀφρύν
756 1086 801 1146 καὶ
812 1086 945 1164 βλακῶδες
990 1094 1070 1141 antea.
1101 1090 1174 1139 Amat
1194 1087 1327 1137 chariclea.
1361 1085 1398 1134 hd
1416 1085 1469 1134 haec
1487 1082 1651 1146 iactabundus
1667 1082 1758 1133 arton

158 1187 265 1267 βαίνων,
280 1182 400 1253 Εὔδηλον
411 1170 453 1250 ἀν,
467 1177 565 1255 ἔλεγον,
577 1179 613 1242 ὡς
626 1174 685 1235 οὐδέ
697 1174 761 1256 ττρθς
774 1173 822 1247 τὴν
837 1173 945 1254 πρώτην
991 1178 1119 1242 supercilia
1130 1179 1156 1227 et
1167 1176 1272 1240 superbe
1287 1173 1413 1235 incedens,
1435 1172 1535 1223 Minime
1546 1170 1650 1222 dubium
1664 1173 1725 1232 erat,
1734 1170 1758 1219 d·

118 1294 143 1335 το
157 1273 256 1343 ἀνθέξει
265 1268 415 1352 προσόολὴν
425 1270 489 1342 ἐμοῦ
499 1265 544 1323 καὶ
555 1270 639 1322 ταῦτα
653 1264 745 1342 μηδενί
757 1266 809 1322 τῶν
821 1263 944 1340 μειζόνων
991 1266 1089 1328 rebam,
1103 1266 1169 1329 quod
1183 1279 1215 1315 ne
1228 1264 1335 1327 primum
1349 1261 1447 1325 quidem
1461 1261 1578 1324 impetum
1590 1259 1705 1310 εττειὶτιετε
1719 1272 1758 1323 pte·

156 1351 329 1444 ἀχλήσαντος.
383 1354 465 1417 ’hill
485 1353 584 1431 πόθεν,
612 1343 634 1411 ῶ
661 1353 816 1431 Χαρίκλεις,
844 1354 945 1432 ἐρῶσαν
991 1350 1502 1418 set,cumquidemudhucnihileificacius
1513 1348 1673 1399 admoverim.
1690 1350 1757 1398 lam

158 1450 331 1530 έγνωρίσατε;
347 1445 396 1508 Σοί
410 1442 574 1517 πεισθέντες,
593 1440 654 1521 ἔφη.
704 1439 771 1506 Τοὺς
784 1438 835 1520 γάρ
848 1438 947 1497 εύδοκί-
992 1443 1070 1506 unde,
1085 1443 1209 1503 Chariclo,
1225 1444 1347 1491 amantem
1358 1437 1565 1502 deprehendistis?
1577 1434 1755 1501 Εεεοητιειτθοίθ,

159 1562 222 1616 μους
240 1541 291 1595 τῶν
319 1539 426 1616 ἰατρῶν,
451 1537 486 1600 ὡς
507 1531 584 1596 αὐτὸς
610 1528 721 1602 ὑπέθου,
740 1526 945 1607 παρακαλέσας,
992 1533 1079 1594 inquit,
1090 1531 1156 1594 quod
1166 1531 1279 1592 jusseras.
1300 1528 1406 1600 Medicos
1422 1527 1608 1590 enimprohatre
1620 1526 1755 1589 ildel,qntn·

159 1619 223 1704 ἦγον
234 1628 270 1693 εἷς
280 1626 327 1695 τὴν
343 1624 489 1704 ἐπίσκεψιν,
503 1616 617 1697 ἀμοιύὴν
630 1618 678 1690 τὴν
693 1623 844 1696 προσοῦσαν
857 1616 947 1676 ούσίαν
992 1620 1123 1670 admodum
1135 1620 1310 1681 admonueras,
1322 1617 1454 1666 advocatos
1464 1616 1497 1677 ¹iu
1518 1616 1675 1677 conspectum
1692 1610 1755 1676 preth

121 1736 145 1775 rs
159 1698 381 1793 ὑπισχνούμενος,
405 1709 430 1769 εί
452 1734 477 1768 τι
503 1706 624 1767 δύναιντο
653 1709 810 1785 ἐπικουρεῖν.
851 1707 886 1765 Οἱ
907 1704 948 1777 δὲ,
993 1708 1456 1771 ducebam,praemiitocoopes,quas
1470 1698 1757 1766 taboram,potttoear,d

159 1810 194 1870 ὡς
218 1802 323 1881 τάχιστ’
350 1801 481 1872 εἰσῆλθον,
499 1793 639 1877 ἠρώτωνό
651 1819 677 1852 τι
699 1794 808 1874 πάσχοι.
852 1796 909 1863 Τῆς
924 1793 947 1850 δ’
995 1800 1027 1849 itti
1040 1799 1180 1860 adjumento
1195 1809 1246 1845 ease
1261 1797 1367 1858 possent.
1400 1793 1438 1843 llll
1458 1796 1539 1843 autem
1554 1793 1725 1855 quamprimum
1734 1788 1759 1837 ia·

159 1890 414 1971 ἀποστρεφομένης,
437 1887 482 1946 καλ
502 1885 566 1966 πρὸς
585 1883 632 1961 μὲν
652 1884 763 1949 ἐκείνους
785 1882 840 1943 οὐδ’
865 1887 948 1941 ὁτιοῦν
994 1888 1065 1950 gressi
1080 1888 1150 1945 suut,
1170 1883 1362 1945 interrogabant,
1381 1894 1413 1930 ex
1433 1895 1482 1943 quo
1501 1879 1639 1930 laboraret?
1658 1882 1706 1930 llac
1720 1887 1763 1926 τσο

159 1979 388 2059 ἀποκριναμένης,
422 1976 483 2042 ἔπος
514 1974 540 2033 δέ
555 1972 712 2054 ιὉμηρικὸν
739 1976 854 2052 συνεχῶς
882 1974 948 2029 ἀνα·
995 1988 1079 2025 auersa
1091 1979 1115 2023 et
1127 1974 1173 2023 iltis
1181 1972 1281 2035 quidem
1293 1972 1327 2021 nit
1339 1969 1498 2034 respondente
1511 1969 1555 2019 sed
1564 1982 1662 2019 carmen
1677 1962 1768 2019 τίοοτττὶ·

162 2068 279 2147 βοώσης,
996 2077 1051 2112 cum
1066 2062 1233 2122 exclamante,

119 2224 147 2262 το
191 2215 226 2265 Ὠ
238 2217 329 2277 Ἀχιλεῦ
339 2213 435 2270 Πηλέως
447 2212 500 2274 ota,
514 2210 578 2273 μέγα
588 2208 679 2272 φέρτατ’
695 2208 808 2271 Ἀχαιῶν·
1049 2209 1127 2254 Pelleta
1136 2220 1151 2252 o
1161 2207 1249 2253 enocha
1257 2206 1400 2264 prestantior
1409 2205 1470 2251 inter
1482 2205 1592 2258 nchhoe,

161 2332 271 2408 όλόγιος
286 2328 430 2392 Ἀκεστῖνος
454 2317 545 2406 (οἶσθα
567 2323 594 2381 δέ
621 2323 705 2394 δήπου
727 2322 771 2380 τὸν
792 2321 890 2402 ἄνδρα)
913 2325 950 2401 τῷ
997 2332 1092 2395 sapiens
1103 2330 1348 2391 Acestinustnoriati
1360 2343 1417 2379 saue
1427 2329 1724 2391 rirumlmanumoarpo
1742 2319 1784 2372 0¹⁸³

162 2422 256 2497 καρπῷ
274 2414 321 2488 τὴν
341 2419 419 2495 χεῖρα
439 2412 485 2472 καὶ
506 2409 620 2484 ἀκούσης
635 2408 779 2482 ἐπιόαλὼν,
803 2410 949 2488 ἀνακρίνειν
997 2420 1080 2469 inritae
1102 2419 1247 2478 admovens,
1263 2418 1433 2468 videbaturex
1454 2419 1542 2468 arteria
1568 2418 1718 2469 allectionem
1753 2411 1784 2472 it*

163 2505 216 2564 ἀπὸ
229 2509 275 2576 τῆς
290 2503 415 2584 ἀρτηρίας
429 2500 506 2583 ἐῴκει
519 2501 549 2560 τὸ
567 2500 664 2572 πάθος,
683 2499 790 2577 ὥσπερ,
813 2491 904 2575 οἶμαι,
917 2499 950 2556 τθι
997 2511 1091 2571 dicare,
1106 2511 1186 2560 cordis
1206 2513 1304 2571 motus,
1326 2513 1354 2559 ut
1370 2510 1492 2570 existimo,
1509 2509 1642 2561 indicante.
1673 2511 1784 2567 Cumqffl

162 2589 270 2674 καρδίας
284 2591 419 2669 κινήματα
435 2589 596 2668 μηνυούσητξ
646 2589 706 2648 Οὐκ
719 2587 805 2665 ὀλίγον
817 2610 846 2646 τε
857 2587 950 2668 χρόνον
997 2612 1046 2649 non
1058 2613 1132 2662 parvo
1144 2603 1252 2662 tempore
1265 2599 1377 2649 arteriam
1389 2600 1506 2648 tenhsset
1518 2601 1544 2648 et
1555 2598 1783 2651 sanandorum

122 2708 149 2747 ει
165 2680 309 2761 βασανίσας
329 2681 376 2751 τὴν
401 2678 550 2760 ἐπίσκεψιν,
572 2677 627 2735 ἀνω
646 2699 675 2735 τε
696 2675 742 2734 καλ
768 2675 841 2735 κάτω
864 2675 952 2735 πολλά
997 2687 1334 2750 qussepiusoontemphtos
1349 2692 1424 2748 esset,
1441 2692 1462 2738 0
1477 2687 1617 2750 Charicles,
1631 2687 1720 2752 lnquit,
1737 2683 1784 2733 iru

163 2769 359 2850 ἐπιθεωρήσας,
383 2757 425 2826 Ὦ
447 2767 607 2846 Χαρίκλεις,
634 2763 701 2846 ἔφη,
729 2766 855 2847 περιττῶς
882 2771 952 2840 ἡμᾶς
997 2776 1163 2825 strahucnoa
1181 2775 1312 2825 advocasti.
1346 2775 1437 2825 Medica
1458 2776 1523 2825 enim
1538 2776 1600 2827 nihil
1612 2776 1695 2827 iniec
1704 2770 1784 2840 prob·

163 2859 248 2918 ἐνθάδ’
270 2855 456 2928 είσκέκληκας·
481 2856 586 2936 ἰατρικὴ
607 2853 659 2934 γάρ
677 2852 750 2913 οὐδὲν
779 2851 810 2912 ἀν
832 2855 953 2930 οὐδαμῶς
998 2864 1058 2914 uerit
1076 2877 1157 2927 opera.
1189 2866 1228 2914 lle
1243 2877 1317 2925 vero,
1341 2877 1357 2912 o
1377 2863 1425 2925 dii,
1444 2864 1501 2927 quid
1521 2863 1597 2926 dicis,
1616 2862 1780 2917 exclamante:

164 2947 266 3006 ἀνύσειε
289 2946 354 3026 πρὸς
374 2943 483 3017 ταύτην.
528 2942 611 3019 Ἔμοῦ
630 2941 673 3015 δέ,
690 2933 731 3001 ’Ὦ
750 2941 818 3014 θεοὶ,
837 2941 864 3000 τί
876 2948 953 3002 τοῦτο
998 2954 1061 3016 perit
1078 2952 1150 3016 igitur
1162 2951 1221 3002 mihi
1236 2952 1309 3002 liliola
1319 2954 1343 3002 et
1362 2953 1412 3015 jam
1426 2957 1495 3002 extra
1510 2966 1608 3003 omnem
1622 2946 1777 3016 sperraealttfl¹

163 3035 264 3113 λέγεις,
284 3033 497 3108 ἀναύοήσαντος,
520 3030 621 3111 οίχεται
635 3022 678 3089 ούν
695 3054 741 3108 μοι
754 3029 784 3089 τὸ
803 3029 950 3112 θυγάτριον,
999 3041 1077 3105 posita
1099 3043 1143 3092 est
1184 3043 1220 3091 lte
1238 3040 1395 3091 tumultueris
1416 3029 1512 3104 utique,
1536 3042 1629 3104 inquit,
1656 3040 1696 3092 aad
1714 3034 1774 3089 ando·

123 3140 153 3181 no
164 3124 210 3183 xci
232 3122 335 3189 ἐλπίδος
358 3120 431 3187 ἐκτός
450 3119 570 3199 γέγονεν;
595 3122 637 3180 Ού
654 3119 764 3200 θορύθου
783 3120 837 3197 δεῖ,
856 3119 952 3200 φησὶν,
999 3135 1110 3193 cumque
1121 3143 1161 3180 me
1172 3130 1312 3179 abduxisset
1319 3130 1535 3192 seorsumapuelta
1542 3126 1768 3181 aroannam

165 3210 223 3271 ἀλλ’
236 3209 334 3282 άκουε,
349 3209 394 3268 καλ
408 3208 573 3290 παραλαόάιν
590 3233 623 3285 με
639 3212 686 3279 τῆς
698 3232 726 3266 τε
744 3206 823 3288 κόρης
842 3208 887 3266 καὶ
901 3211 952 3265 τῶν
999 3219 1091 3282 inquit,
1103 3232 1143 3269 ara
1160 3219 1240 3268 atiecti
1258 3220 1366 3281 corporis
1385 3219 1533 3268 curationem
1556 3218 1690 3281 profitetur,
1707 3206 1767 3266 ιτίῠί

165 3299 252 3358 ἀλλων
268 3298 377 3369 ἄποθεν,
394 3295 429 3356 Ἦ
456 3300 515 3355 καθ’
524 3300 615 3372 ἡμᾶς,
635 3295 701 3376 ἔφη,
727 3295 807 3376 τέχνη
832 3296 953 3372 σώματος
999 3322 1057 3358 vero
1080 3321 1130 3358 non
1154 3307 1323 3370 principaliter,
1345 3307 1460 3357 sedtum
1481 3310 1594 3366 tantum,
1616 3321 1672 3357 curn
1685 3307 1765 3366 eornm

165 3387 236 3457 πάθη
250 3384 403 3464 θεραπεύειν
417 3385 621 3463 ἐπαγγέλλεται,
636 3387 722 3464 ψυχῆς
737 3386 760 3442 δ’
778 3386 807 3443 οὗ
822 3407 955 3464 προηγου-
999 3395 1089 3445 ahiiclo
1099 3398 1124 3446 et
1135 3394 1320 3458 ipseattligitur;
1335 3396 1378 3457 qui
1392 3396 1469 3457 idem,
1484 3396 1525 3445 illo
1538 3394 1763 3457 enumerantur

167 3474 249 3552 μόνως
262 3473 330 3533 ἀλλὰ
345 3472 402 3532 τότε
413 3472 491 3549 μόνον
504 3470 566 3530 όταν
577 3472 725 3551 συμπάσγῃ
741 3473 789 3548 μὲν
799 3475 836 3552 τῷ
848 3471 953 3547 σώματι
999 3485 1105 3534 valescit.
1138 3486 1252 3534 Getemm
1266 3484 1346 3547 puella
1358 3485 1443 3534 morbo
1455 3484 1554 3547 quidem
1566 3484 1671 3545 laborat,
1680 3480 1717 3533 aad
1725 3483 1762 3527 nit

126 3593 152 3632 ης
166 3563 336 3641 κακουμένῳ,
358 3562 540 3639 συνωφελῆται
564 3560 591 3618 δὲ
617 3559 825 3640 θεραπευομένῳ.
867 3560 905 3621 Τὸ
927 3558 954 3619 δὲ
999 3572 1116 3636 corporis.
1149 3576 1204 3624 lton
1219 3574 1283 3623 enim
1297 3572 1483 3635 humeraliquis
1498 3558 1763 3632 redundannonupi‘*

166 3655 213 3723 τῆς
229 3650 321 3729 κόρης,
336 3648 410 3715 νόσος
425 3649 472 3725 μὲν
488 3649 547 3706 ἀλλ’
567 3650 595 3706 οὐ
611 3653 656 3706 τοῦ
671 3647 804 3725 σώματος.
848 3650 889 3708 Ού
904 3647 954 3727 γάρ
999 3661 1068 3711 dolor
1082 3661 1150 3712 illam
1164 3663 1260 3724 gravat,
1273 3675 1321 3711 uon
1336 3661 1408 3711 febris
1421 3660 1570 3719 inflammat,
1583 3644 1763 3718 nonalindqtffl·

166 3742 259 3819 χυμῶν
272 3763 310 3803 τις
323 3736 484 3816 περιττεύει,
495 3737 524 3794 ού
537 3739 653 3817 κεφαλῆς
667 3737 778 3815 ἄλγημα
791 3737 912 3820 βαρύνει,
925 3741 954 3796 οὐ
1001 3764 1074 3813 quam
1087 3751 1112 3800 in
1128 3763 1240 3813 corpore,
1253 3762 1332 3812 neque
1352 3762 1421 3811 pars,
1433 3761 1512 3810 neque
1523 3750 1618 3811 totum,
1633 3746 1713 3799 morbo
1724 3732 1765 3789 'fl'

167 3828 276 3907 πυρετός
286 3826 492 3907 ἀναφλέγει,ούκ
507 3825 573 3883 άλλο
581 3849 607 3883 τι
618 3831 664 3885 τοῦ
676 3826 813 3904 σώματος,
827 3828 858 3887 οὐ
868 3826 954 3908 μέρος,
1001 3839 1072 3887 citur.
1105 3841 1158 3888 Iloc
1179 3839 1300 3901 proiecto,
1321 3850 1400 3899 neque
1418 3836 1484 3892 aliud
1503 3836 1652 3899 quidquam,
1669 3830 1768 3914 protili

168 3917 218 3995 οὐχ
234 3914 294 3972 δλον
307 3913 378 3971 νοσεῖ
391 3936 453 3973 που.
498 3916 602 3986 Τοῦτο,
615 3915 663 3973 οὐκ
677 3914 743 3973 ἀλλο
757 3915 954 3992 τι,νομιστέον.
1001 3926 1138 3976 habendum
1158 3929 1203 3976 est.
1237 3928 1277 3976 hle
1290 3929 1373 3975 autem
1392 3925 1590 3985 obsecrante,et
1605 3927 1633 3975 ut
1650 3918 1770 3975 diruant

126 4030 154 4069 ιι)
169 4003 252 4079 Ἐμοῦ
273 4001 301 4059 δὲ
321 4004 494 4081 λιπαροῦντος
520 4002 566 4061 καὶ
588 4004 694 4083 φράζειν
715 4003 739 4062 εί
758 4027 783 4061 τι
808 4003 955 4080 κατέμαθεν
1001 4015 1059 4077 quid
1074 4015 1243 4073 intellexisset,
1257 4015 1411 4077 postulante:
1428 4019 1464 4063 Αιι
1483 4027 1545 4074 non,
1566 4013 1710 4077 iuquit,rei
1724 4004 1772 4073 ΡΨ

169 4091 310 4159 ἀξιοῦντος·
336 4092 377 4149 Οὐ
392 4089 445 4169 γάρ
465 4090 512 4148 καὶ
534 4091 611 4150 παιδί
629 4091 771 4172 γνώριμον,
792 4092 857 4171 ἔφη,
870 4097 955 4174 ψυχῆς
1001 4102 1132 4164 intelligere
1141 4106 1223 4165 queat,
1235 4101 1508 4152 atiectumesaeanimae
1519 4103 1545 4151 et
1556 4101 1669 4151 morbum
1682 4091 1776 4151 anot*

169 4170 235 4238 εἶναι
258 4179 287 4237 τδ
308 4177 390 4244 πάθος
405 4178 451 4236 καί
472 4178 520 4251 τὴν
541 4179 616 4239 νόσον
637 4179 722 4262 ἔρωτα
746 4182 957 4262 λαμπρόν;ούχ
1001 4190 1173 4239 manifestum?
1187 4194 1286 4240 Annon
1306 4190 1385 4249 rides,
1401 4190 1435 4239 iili
1447 4191 1531 4240 oculos
1543 4192 1681 4253 turgeeoere
1698 4169 1779 4240 etl&

168 4272 230 4348 δρᾷς
246 4271 280 4333 ὡς
294 4268 414 4346 κυλοιδιᾷ
438 4267 485 4343 μὲν
500 4267 559 4335 τοὺς
574 4270 723 4350 ὀφθαλμοὺς
739 4271 785 4329 καὶ
803 4271 832 4330 τὸ
849 4270 956 4350 βλέμμα
1001 4279 1054 4327 tum
1065 4277 1189 4327 turbatum
1202 4280 1287 4328 esseet
1299 4278 1384 4328 taciem
1392 4278 1495 4341 pallere,
1505 4278 1536 4328 de
1547 4266 1784 4334 cordenonanuqff

169 4357 316 4436 διίρριπται
338 4354 434 4413 καὶτὸ
460 4357 600 4436 πρόσωπον
618 4360 717 4439 ὠχριᾷ,
743 4359 894 4440 σπλάγχνον
910 4365 956 4419 οὐκ
1002 4368 1083 4415 amm?
1096 4365 1127 4414 ad
1143 4366 1366 4416 hacanimoerrat
1380 4368 1405 4416 et
1420 4366 1517 4428 quidvis
1530 4365 1761 4430 oblatunhqmur
1770 4340 1784 4390 ⁶

127 4470 155 4510 ιι
170 4443 327 4523 αἰτιωμένη,
343 4443 390 4515 τὴν
406 4444 521 4504 διάνοιαν
536 4447 563 4504 δ’
578 4447 653 4505 ἀλύει
665 4447 751 4506 καὶτὸ
766 4449 873 4506 ἐπελθὸν
891 4451 956 4507 ἀνα-
1002 4455 1095 4517 vigiliae
1108 4454 1199 4518 absque
1214 4468 1286 4505 causa
1307 4455 1425 4516 sustinet,
1441 4454 1546 4517 denique
1567 4468 1669 4505 suocum
1685 4442 1784 4518 eorpv'*

168 4534 306 4615 φθέγγεται
321 4531 368 4591 καὶ
383 4534 577 4613 ἀπροφάσιστον
586 4535 732 4614 ἀγρυπνίαν
754 4535 893 4617 ὑφίσταται
912 4538 957 4596 καλ
1002 4547 1028 4594 et
1044 4545 1135 4605 iustam
1157 4543 1341 4606 amplitudinem
1359 4543 1441 4593 subito
1454 4544 1543 4593 ambit.
1575 4543 1736 4608 inquirendus
1763 4532 1784 4571 ⁶

169 4623 211 4681 τόν
227 4623 303 4699 ὄγκον
319 4621 410 4703 ἀθρόον
425 4623 727 4703 καθῄρηταιςῑητητεός
741 4648 794 4696 σοι,
806 4626 957 4703 Χαρίκλεις,
1003 4633 1060 4694 tibi,
1083 4633 1222 4692 Charicles,
1243 4633 1264 4682 si
1280 4632 1352 4682 modo
1374 4632 1425 4683 lieri
1439 4633 1529 4695 possit,
1545 4631 1646 4697 aliquia,
1660 4632 1704 4696 qui
1724 4624 1784 4681 ίίΙι

169 4712 333 4787 ὁίασόμενος
352 4710 469 4789 (γένοιτο
488 4713 509 4770 δ’
531 4710 576 4788 ἀν]
590 4713 666 4787 μόνος
683 4713 877 4790 δποθούμενος.
921 4713 956 4776 Ὁ
1002 4724 1078 4771 sanet.
1112 4721 1253 4771 Praestiterit
1269 4723 1352 4771 antem
1366 4720 1390 4771 id
1403 4722 1469 4771 sotus
1482 4722 1516 4781 is,
1531 4721 1602 4783 ouius
1614 4721 1733 4773 desiderio
1747 4696 1784 4765 fl

171 4797 218 4873 μὲν
231 4804 305 4857 ταῦτ’
321 4797 401 4857 είπόιν
416 4800 506 4877 ἀπῄει.
546 4800 617 4880 Πρὸς
632 4802 661 4859 σὲ
676 4803 698 4858 δ’
715 4801 767 4880 ἐγὼ
779 4804 901 4881 δρομαῖος
913 4804 956 4862 τόν
1002 4815 1063 4871 grat.
1097 4812 1227 4859 llaecuum
1247 4809 1362 4871 dixisset,
1378 4809 1523 4860 discedebat.
1558 4809 1593 4860 ad
1612 4812 1639 4861 ta
1653 4802 1784 4861 autmt

128 4908 157 4946 su
170 4886 231 4962 έμδν
246 4893 353 4967 σωτῆρα
374 4890 419 4946 καί
433 4889 502 4964 θέον,
520 4887 548 4946 δν
564 4889 642 4964 μόνον
657 4887 709 4966 ἐγὼ
730 4892 898 4969 εὐεργετῆσαι
913 4891 958 4949 δύ·
1002 4899 1091 4947 cursim
1106 4898 1163 4959 abii,
1179 4912 1260 4948 meum
1269 4895 1416 4949 seruatorem
1431 4902 1456 4949 et
1467 4899 1550 4959 deum,
1563 4912 1640 4962 quem
1650 4899 1729 4949 solum
1739 4894 1784 4947 τί

170 4978 263 5031 νασθαι
279 4976 386 5048 κάκείνη
400 4976 548 5055 γιγνώσκει.
574 4977 665 5036 Πολλὰ
680 4983 741 5055 γοῦν
756 4979 820 5055 ἐμοῦ
836 4978 957 5056 δεομένου
1003 4987 1053 5036 deri
1066 5001 1134 5049 posse
1145 4989 1171 5038 et
1184 5002 1228 5050 ego
1240 4990 1265 5036 et
1281 4988 1322 5037 itta
1334 4989 1449 5050 agnoscit.
1482 4991 1544 5039 ltam
1562 5000 1603 5037 me
1618 4989 1784 5038 mullum?

170 5062 216 5120 καὶ
241 5061 347 5130 ἐξειπεῖν
371 5065 387 5123 ό
408 5088 433 5125 τι
453 5066 554 5147 πάσχοι
571 5069 802 5148 παρακαλοῦντος,
828 5067 855 5125 ἓν
879 5068 955 5145 μόνον
1004 5079 1099 5137 petente
1108 5081 1133 5126 et
1145 5081 1172 5126 ut
1184 5078 1275 5128 diceret
1285 5091 1335 5140 quo
1345 5077 1782 5140 angereturobsecrante,huctantrs

172 5149 346 5229 ἀπεκρίνατο,
361 5156 396 5220 ὡς
408 5153 497 5232 ἀγνοεῖ
510 5152 558 5232 μίν
580 5153 594 5213 δ
616 5154 752 5229 πέπονθεν,
767 5156 860 5215 εἰδέναι
882 5158 904 5216 δ’
922 5161 957 5224 ὡς
1004 5165 1143 5229 respondit:
1158 5180 1183 5217 se
1200 5167 1299 5230 quidem
1318 5168 1439 5231 ignorare,
1452 5166 1510 5231 quid
1524 5167 1569 5218 sibl
1583 5166 1726 5230 aecidiuet,
1739 5168 1784 5230 μ’
