3726 5692
744 1019 1160 1136 rammam.-

333 1839 473 1909 Nicetas
487 1837 714 1932 Eugenianus
733 1835 876 1924 saecul0‚
895 1850 936 1906 ut
953 1834 1108 1923 videtur,
1128 1834 1345 1905 duodecimo
1366 1835 1509 1931 scripsit
1527 1859 1605 1904 ver·-

284 1961 385 2031 sibus
399 1959 561 2030 iambicis
578 1940 790 2054 politicis'de
804 1956 1017 2027 Drosillaeac
1035 1956 1207 2028 Chariclis
1226 1957 1335 2027 rebus
1351 1957 1604 2044 narrationem,

284 2082 387 2176 cujus
402 2105 510 2176 quam
526 2104 625 2150 nunc
642 2078 755 2149 allero
776 2078 1000 2148 collectionis
1015 2078 1216 2149 Didotianae
1231 2079 1474 2176 emptoribus,
1493 2079 1604 2150 editio

287 2229 359 2273 non
375 2203 440 2272 fuit
456 2202 502 2272 ad
516 2200 695 2298 exemplar
707 2201 835 2296 prioris
849 2214 969 2271 exacta
984 2226 1003 2271 a
1019 2225 1076 2270 me
1087 2225 1183 2271 anno
1204 2201 1293 2300 1819
1309 2216 1446 2272 curatae.
1463 2203 1605 2272 Etenim

284 2327 474 2398 emendata
497 2327 607 2421 magis
623 2350 664 2395 ac
680 2325 848 2395 lacunosa
873 2325 994 2394 minus
1013 2326 1227 2396 invenietur.
1248 2332 1289 2397 In
1311 2326 1378 2397 hac
1395 2327 1605 2398 recensione

286 2475 414 2545 magno
429 2448 518 2519 mibi
534 2448 598 2518 suit
616 2448 695 2517 usui
712 2446 900 2543 Philippus
917 2449 1057 2533 Bassus,
1073 2447 1209 2544 collega
1224 2447 1454 2519 doctissimus
1469 2464 1505 2519 et
1520 2450 1607 2519 ami·

284 2573 460 2659 cissimus,
483 2572 552 2667 qui
570 2596 589 2641 a
610 2570 833 2664 gravioribus
854 2569 982 2639 studiis
1003 2595 1076 2639 non
1096 2571 1170 2639 otio
1192 2594 1231 2640 se
1257 2586 1390 2641 recreat
1412 2595 1453 2640 ac
1474 2571 1604 2666 quiete,

286 2693 348 2764 sed
368 2693 553 2762 laboribus
571 2692 665 2776 aliis,
687 2691 881 2761 levioribus
894 2691 1061 2787 quidem,
1079 2692 1229 2761 eruditis
1247 2709 1378 2763 tamen.
1402 2697 1498 2778 Quas
1513 2695 1606 2763 inter

287 2815 537 2901 relaxationes,
563 2838 641 2909 quae
659 2813 876 2883 delassarent
892 2813 999 2899 alios,
1024 2815 1248 2883 numeranda
1274 2814 1454 2884 Eumathii
1473 2816 1605 2886 Gallica

282 2938 472 3009 conversio
494 2961 575 3006 cum
601 2937 717 3023 notis3
742 2936 853 3005 editio
874 2935 1053 3005 Theodori
1079 2935 1267 3005 Prodromi
1299 2936 1534 3031 mythistoriae
1561 2939 1606 3009 de

284 3062 494 3133 Rhodantes
519 3086 559 3130 ac
580 3059 733 3129 Dosiclis
756 3085 897 3147 amore,
920 3085 1029 3155 quam
1053 3060 1194 3131 Nicetas
1223 3060 1292 3130 sibi
1315 3063 1505 3157 proposuit
1525 3064 1606 3133 imi-

284 3183 449 3270 tandam,
471 3182 516 3252 ad
537 3181 680 3253 codices
701 3181 827 3251 sedulo
854 3183 1049 3268 recensita;
1067 3197 1101 3251 et
1123 3182 1251 3251 Nicetae
1277 3183 1389 3278 ipsius
1418 3187 1606 3255 conversio

282 3308 419 3380 Gallica
434 3331 517 3377 cum
540 3305 799 3375 commentario
815 3304 925 3375 docto
939 3329 980 3375 ac
995 3304 1195 3391 laborioso,
1215 3305 1451 3402 locorumque
1473 3308 1606 3378 multo·

284 3455 366 3499 rum
382 3427 667 3501 correctionibus
683 3426 1016 3523 supplementisque
1037 3454 1079 3498 ex
1098 3426 1288 3498 codicibus
1301 3429 1473 3500 Vaticano
1491 3445 1525 3500 et
1542 3434 1607 3499 Ur·

284 3552 408 3622 binate
434 3551 593 3621 studiose
616 3576 656 3621 ac
680 3551 868 3643 diligenter
893 3537 1065 3622 collectis.
1098 3552 1225 3621 Nicetae
1250 3553 1439 3621 conversio
1471 3553 1606 3623 Gallica

286 3701 366 3771 pars
381 3674 508 3744 debuit
522 3698 599 3743 esse
616 3672 838 3743 collectionis
863 3674 1034 3743 similium
1061 3674 1266 3744 libellorum
1284 3700 1304 3745 a
1321 3675 1520 3771 bibliopola
1548 3682 1607 3746 Pa·

285 3782 397 3878 risino
411 3795 604 3882 inchoatae,
621 3821 661 3864 ac
673 3796 765 3891 typis
782 3796 957 3890 descripta
975 3796 1042 3865 fuit
1057 3820 1154 3865 anno
1176 3799 1277 3882 1841.
1292 3797 1362 3866 Sed
1378 3822 1607 3893 quacumque

286 3920 331 3990 de
344 3945 449 3990 causa
461 3920 645 4014 negotium
658 3943 826 4014 processu
842 3933 982 4013 sperato
1000 3920 1111 3988 caruit
1125 3934 1159 3988 et
1172 3919 1356 3990 volumina
1369 3919 1480 3990 latent
1490 3920 1608 3992 adhuc

287 4069 487 4140 suppressa.
512 4048 633 4129 Quum
658 4041 759 4112 valde
780 4066 948 4137 quererer
969 4041 1014 4112 de
1035 4044 1112 4112 viro
1134 4042 1330 4112 clarissimo
1349 4044 1448 4139 quod
1470 4045 1606 4114 tamdiu

287 4168 412 4236 utilem
428 4166 560 4236 librum
577 4180 731 4251 teneret,
746 4164 813 4233 sibi
838 4163 889 4232 sic
905 4162 1083 4259 nobisque
1098 4162 1301 4249 invidente,
1317 4188 1438 4233 aurem
1455 4165 1608 4258 praebuit

287 4289 497 4375 facilem,ac
524 4289 611 4357 mira
638 4288 860 4382 benignitate
892 4286 1061 4356 volumen
1093 4286 1315 4356 rarissimum
1345 4310 1487 4355 mecum
1513 4312 1608 4363 com·

288 4413 501 4497 municavit,
518 4437 592 4505 quo
608 4425 648 4480 ut
670 4409 797 4479 vellem
822 4425 957 4497 uterer;
977 4425 1084 4505 atque
1108 4434 1189 4479 sum
1214 4435 1299 4479 usus
1317 4409 1362 4478 ad
1386 4408 1607 4480 emendatio-

288 4560 371 4605 nem
395 4536 540 4605 Nicetae.
571 4534 681 4628 Igitur
705 4548 746 4602 ut
768 4532 884 4603 editor
910 4535 1036 4627 gratias
1060 4558 1125 4628 ago
1149 4533 1317 4628 Philippo
1341 4536 1466 4616 Basso,
1495 4556 1608 4626 quum

287 4657 364 4750 ejus
386 4681 455 4751 ope
481 4655 660 4751 potuerim
683 4653 826 4724 edendo
853 4655 989 4724 auctori
1014 4654 1196 4750 prodesse.
1222 4653 1292 4724 Sed
1314 4655 1426 4723 critici
1457 4653 1608 4723 lectores

287 4779 420 4874 quibus
456 4779 697 4847 mutationum
721 4778 877 4846 rationes
906 4777 1016 4847 debui
1045 4801 1223 4872 exponere
1250 4790 1472 4871 querentur,
1499 4774 1608 4870 idque

290 4903 416 4970 merito
440 4926 477 4969 se
501 4924 597 4969 meas
614 4899 743 4969 frustra
764 4900 966 4994 quaesivisse
986 4901 1256 4986 annotationes3
1277 4898 1411 4994 quibus
1433 4921 1607 4994 reponam

286 5022 538 5091 collectionem
565 5020 795 5091 Didotianam
824 5022 1101 5091 commentarios
1126 5045 1202 5091 non
1236 5019 1445 5107 admittere,
1472 5020 1604 5091 scilicet

288 5142 501 5214 destinatam
526 5143 757 5239 extemporali
781 5143 946 5231 lectioni,
972 5169 1046 5213 non
1066 5143 1187 5214 studio
1203 5142 1434 5240 philologioo.
1460 5147 1605 5215 Bassum
