3726 5692
174 302 232 353 580

172 423 307 483 Ἐντεῦθεν
327 425 530 504 ἐφιλοσοροῦμεν
545 426 579 484 τδ
597 427 657 506 περὶ
674 429 725 485 τῶν
738 433 868 506 γυναικῶν
890 432 960 511 σχή·

171 535 256 590 ματα,
269 513 315 572 καλ
329 513 374 592 τὰ,
387 513 467 594 μέχρι
476 522 521 574 τοῦ
533 514 557 595 γ’
574 517 614 596 ἐφ’
628 521 708 592 ἡμῖν,
724 521 960 599 κατιλαμὸάνομεν

60 618 63 623 ’
171 603 365 679 ἀκατάληπτα,
381 603 424 662 τδν
434 604 557 684 λαμπρὸν
570 604 697 685 στέφανον
717 610 763 677 τῆς
777 606 884 688 πρώτης
892 633 960 691 παρ-

171 689 260 769 θένου,
281 691 339 758 τοὺς
352 692 414 772 περὶ
428 691 472 751 τδν
494 693 622 773 στέφανον
648 692 751 767 λίθους,
773 695 832 762 τοὺς
855 697 960 776 μαργά-

143 808 155 845 ι
171 802 243 860 ρους,
258 781 302 840 τδν
312 784 373 861 περὶ
385 782 432 854 τὴν
443 782 520 862 δίρην
533 781 642 862 χρυσὸν,
655 781 700 841 τὸν
713 783 842 863 άργυρον,
855 784 899 842 τὸν
912 785 960 843 bri·

68 920 73 933 ,
170 876 275 947 κινθον,
296 871 325 929 τὸ
341 875 435 951 σχῆμα
448 875 496 944 τῆς
514 871 617 943 δεξιάς,
637 871 744 948 μονονοὺ
764 872 908 951 λεγούσης,
925 877 961 940 ὡς

169 960 280 1018 ἐνταῦθα
292 959 336 1018 τὸν
356 959 433 1018 ύλύον
450 959 504 1041 ἔχω
516 960 576 1041 περὶ
590 959 638 1035 τὴν
650 960 777 1041 κεφαλήν·
792 961 822 1020 τὸ
841 960 900 1040 περὶ
912 962 959 1035 τὴν

168 1044 245 1106 λαιὰν
258 1046 404 1127 σφαιρίδιον
414 1050 449 1114 ώς
460 1046 561 1127 ξυνέχει
570 1048 601 1107 τδ
611 1056 680 1121 πᾶν,
695 1046 740 1106 καλ
752 1048 782 1108 τὸ
794 1056 839 1109 τοῦ
850 1054 960 1129 χιτῶνος

169 1133 389 1210 ἄνεπικύσμητον,
398 1137 434 1201 ὡς
445 1135 528 1194 τᾶλλα
540 1132 609 1203 πλὴν
616 1140 662 1207 τῆς
673 1137 789 1216 κεφαλῆς
799 1137 958 1213 ἀκοσμήτως

810 298 1008 362 ΕΥΜΑΘΙΟΥ
1032 303 1127 367 Bibe.
1151 310 1184 368 B.

1618 312 1664 396 [G.
1680 322 1802 405 ιε-ω]

1008 445 1066 496 lnde
1077 448 1157 496 autern
1168 447 1290 499 decorum
1302 451 1385 502 babitu
1393 452 1718 522 disserimmeteorumquae
1727 467 1799 512 anua

1005 563 1050 600 noe
1062 549 1178 614 ingerant,
1192 554 1310 604 rationem
1320 558 1443 619 insequuti
1453 571 1548 622 sumus,
1559 560 1697 623 splendidae
1706 564 1800 616 acilioet

1005 666 1078 716 quam
1088 655 1165 717 prima
1175 654 1241 718 virgo
1248 658 1308 719 gerit
1315 672 1421 722 corone,
1431 675 1633 726 gemmarumque
1639 678 1669 716 ac
1680 668 1798 718 unionum

1005 770 1061 819 quan
1073 763 1331 822 coronamentorum,
1352 765 1458 824 argentei
1478 764 1575 815 monilis
1591 767 1674 817 aureis
1685 767 1797 819 distincti

1004 857 1114 918 maculis,
1125 860 1151 908 et
1164 857 1326 920 hyacinthinae
1338 859 1434 921 fibuloe,
1446 861 1553 913 dexteru
1564 867 1640 914 uiuus
1653 878 1705 928 quo
1716 866 1797 918 dicae

1005 961 1116 1012 ridetur:
1129 963 1220 1012 Omnee
1234 962 1274 1011 bic
1292 962 1407 1026 incapite
1423 963 1521 1014 divitiae
1538 977 1605 1016 meae
1621 970 1715 1029 portu:
1732 968 1796 1031 globi

1003 1079 1075 1129 quern
1102 1065 1127 1116 in
1145 1067 1207 1116 luera
1230 1066 1291 1130 gerit
1310 1081 1363 1118 eam
1387 1068 1496 1119 uuirerei
1514 1069 1638 1120 dominam
1659 1083 1714 1120 esea
1735 1070 1794 1120 inrli·

1003 1168 1094 1228 cantia,
1108 1166 1160 1216 sine
1178 1169 1265 1217 ornatu
1276 1169 1349 1218 restis
1362 1171 1450 1219 coetera
1465 1172 1554 1232 preter
1565 1176 1640 1234 caput
1654 1171 1792 1221 Prudentia

30 1236 33 1245 '
130 1227 185 1293 1οὴ
199 1222 320 1303 φρόνησις
334 1223 469 1282 ἔσταλται·
481 1223 512 1282 τδ
527 1222 716 1302 στρατιωτικδν
730 1229 823 1305 σχῆμα
838 1231 885 1299 τῆς
900 1224 959 1304 μετ’

1002 1280 1054 1318 ecee
1072 1268 1180 1317 inornata
1190 1268 1359 1330 significantiae
1372 1280 1418 1318 uec
1431 1281 1475 1318 uos
1487 1268 1548 1330 iugit
1560 1269 1667 1320 militare
1679 1271 1793 1321 aemude

1002 1368 1099 1417 scirema
1111 1367 1176 1429 quod
1192 1367 1217 1416 in
1239 1366 1315 1417 milite
1326 1367 1457 1430 virginem,
1474 1373 1499 1417 et
1512 1367 1564 1418 rice
1577 1381 1649 1418 verua
1660 1369 1686 1418 iu
1705 1371 1792 1433 virgine

1003 1467 1104 1516 militem
1127 1466 1233 1517 ostendit
1255 1468 1368 1518 :etenim
1392 1468 1519 1519 Fortitudo
1537 1471 1625 1518 natura
1645 1469 1732 1530 mileu,
1750 1483 1790 1532 ap-

168 1309 264 1384 αὖτὴν,
276 1312 323 1385 τὴν
340 1314 365 1370 ἕν
379 1312 530 1394 στρατιώτῃ
544 1312 690 1393 παρθένον,
706 1314 750 1373 καὶ
765 1305 799 1372 αύ
810 1316 957 1375 τούναντίον

168 1398 215 1471 τὴν
227 1399 291 1471 ὅλην
307 1405 475 1481 στρατιῶτιν,
491 1400 538 1473 τὴν
551 1399 615 1474 ὅλην
627 1401 763 1481 παρθένον·
783 1404 892 1482 ἀνδρεία
907 1406 957 1485 γὰρ

168 1491 246 1569 ώςτῇ
261 1486 337 1569 φύσει
352 1488 514 1568 στρατιώτης
528 1489 574 1548 κοιλ
593 1493 626 1569 τῇ
641 1489 735 1561 κλήσει
746 1490 885 1570 παρθένος·
901 1496 957 1552 ὅθεν

169 1579 195 1634 ἐν
209 1572 249 1644 οἷς
261 1578 298 1654 μὴ
313 1580 517 1658 περιφράττοιτο
538 1584 748 1660 στρατιωτικῶς,
769 1581 818 1652 ὅλη
831 1582 957 1662 παρθένος

130 1685 154 1723 15
167 1665 222 1723 ἐστὶ
236 1664 281 1724 καί
295 1666 387 1738 κλήσει
397 1666 443 1725 καλ
458 1667 572 1743 σώματι·
588 1669 613 1726 ἐν
628 1658 665 1734 οἷς
679 1669 706 1726 δὲ
716 1668 764 1739 τὴν
788 1667 863 1749 ἰσχύν
878 1672 956 1730 ὑπαι·

168 1751 296 1824 νίττοιτο,
310 1751 359 1825 ὅλη
372 1757 559 1832 στρατιῶτιςὴ
579 1756 704 1833 παρθένος
718 1756 790 1829 iuri,
813 1758 858 1816 καλ
876 1760 911 1826 ὡς
929 1765 955 1820 ἐν

167 1844 201 1918 τῇ
216 1839 292 1922 φύσει
306 1845 320 1899 δ
332 1842 467 1923 ζωγράφος
481 1843 529 1913 τὴν
543 1843 638 1914 κλῆσιν
650 1844 870 1925 παρεφυλάξατο,
886 1847 955 1905 ούτω

167 1929 216 1987 κᾶν
231 1934 264 2010 τῇ
279 1927 373 2000 κλήσει
386 1929 434 2002 τὴν
447 1930 523 2012 φύσιν
537 1930 600 2002 ὅλην
615 1932 827 2011 ὖπεχρωμάτισε·
839 1939 886 2001 τῆς
900 1935 956 1993 ἑτέ-

167 2039 213 2094 ρας
227 2016 273 2075 καὶ
288 2017 378 2097 τρίτης
395 2018 439 2077 τδν
461 2019 487 2087 ἐξ
509 2017 608 2077 ἀνθέων
629 2020 772 2096 στέφανον,
788 2022 832 2079 τὸν
847 2022 873 2090 ἐξ
885 2027 955 2099 ἀμα-

107 2171 110 2177 ,
127 2124 153 2161 ao
167 2105 265 2180 ράντων
281 2110 386 2187 φυτῶν,
401 2108 449 2178 τὴν
461 2103 591 2178 συστολὴν
607 2113 653 2166 τοῦ
667 2109 822 2185 πλοκάμου,
840 2111 888 2181 τὴν
902 2135 955 2170 κα-

166 2193 285 2277 λύπτραν
296 2199 344 2266 τῆς
359 2199 491 2276 κεφαλῆς,
513 2195 561 2268 τὴν
582 2195 739 2275 περιστολὴν
750 2201 802 2255 τῶν
823 2201 954 2279 στέρνων,

163 2283 211 2356 τλν
224 2285 344 2365 φυλακὴν
364 2288 416 2341 τῶν
432 2287 556 2358 μαστῶν,
571 2284 615 2343 τδν
637 2285 681 2342 ἐπί
699 2290 737 2366 τῷ
752 2291 829 2367 μηρῷ
851 2290 953 2367 μηρὸν,

164 2371 212 2443 τὴν
221 2371 267 2429 καὶ
277 2371 357 2453 μέχρι
371 2372 520 2448 πνεύματος
532 2371 711 2453 σωφροσύνην,
723 2375 767 2432 κοιλ
779 2375 865 2434 τάλλα
874 2378 954 2437 πάνθ’

1001 1571 1128 1633 peliatioue
1147 1570 1212 1634 uirgo
1226 1572 1277 1630 est;
1306 1571 1388 1632 itaque
1412 1582 1461 1632 qua
1483 1570 1535 1620 eine
1556 1570 1702 1620 militaribus
1722 1573 1789 1621 αιιιιίι

1001 1674 1047 1733 est,
1068 1671 1172 1739 puellum
1190 1670 1287 1720 nomine
1303 1683 1332 1720 ac
1351 1672 1431 1733 speeie
1445 1670 1532 1733 referte
1553 1684 1601 1733 qua
1620 1673 1706 1721 autem
1727 1673 1789 1721 lorti-

1001 1773 1108 1822 tudiuem
1127 1772 1235 1834 exbibet,
1246 1772 1345 1823 militem
1364 1773 1462 1822 omuino
1479 1773 1547 1835 virgo
1566 1773 1787 1836 prebete-itanum

1000 1880 1084 1926 natura
1099 1877 1175 1940 pictur
1195 1889 1284 1926 nomen
1304 1876 1410 1943 servarit
1433 1880 1532 1926 etcum
1556 1877 1655 1927 nominc
1679 1882 1785 1928 naturam

1000 1978 1121 2029 coloribus
1139 1979 1264 2041 expressit.
1297 1978 1384 2027 Tertiae
1399 1977 1473 2028 etiam
1494 1978 1650 2041 intelligimus
1667 1978 1728 2041 quiri
1745 1977 1785 2028 eibi

1000 2085 1075 2133 velint
1100 2083 1200 2133 boribus
1232 2085 1396 2145 perpetuoque
1428 2082 1562 2132 virentibus
1592 2083 1657 2132 loliis
1686 2096 1783 2141 corona,

999 2190 1141 2248 contractae,
1153 2201 1183 2237 ne
1194 2199 1261 2249 tagre
1275 2186 1379 2246 iluitent,
1391 2198 1483 2246 comae,
1498 2185 1606 2235 relatum
1625 2189 1709 2249 caput,
1720 2198 1781 2249 oper·

1000 2296 1051 2340 tum
1064 2293 1155 2353 pectus,
1164 2276 1326 2371 mammarum
1334 2287 1451 2351 custodia,
1459 2287 1605 2351 implicitum
1611 2288 1697 2338 femori
1703 2288 1780 2348 lemur,

999 2400 1023 2443 et
1036 2398 1120 2443 contra
1141 2376 1215 2454 ipsine
1228 2391 1294 2440 renti
1308 2392 1426 2454 impetum
1446 2390 1556 2450 molitu,
1571 2402 1602 2439 ac
1620 2392 1722 2447 σείετο,
1734 2401 1780 2454 qua

164 2458 213 2518 ὅσα
233 2463 438 2540 πανῑυρυῶςτῇ
464 2460 528 2541 istil
554 2483 605 2536 ⁹⁰⁰
626 2460 749 2542 παιρρένῑρ
771 2463 952 2542 πρρρύρρρρῑ·
998 2492 1128 2542 car-issimre
1139 2489 1702 2553 milririrginiaptissimaacnommodataaunt.
1733 2495 1779 2540 Aur

127 2546 386 2626 ΙειΠεριπτύσσομαί
411 2571 456 2608 σου
481 2546 528 2620 τὴν
552 2556 645 2626 χεῖρα,
664 2554 775 2629 γραφεῢ·
801 2552 952 2628 ἀσπάζομαι

163 2634 211 2708 τὴν
228 2635 351 2717 γραφίδα·
363 2636 443 2716 χάριν
463 2637 584 2714 ὁμολογῶ
600 2659 640 2694 σοι
654 2638 718 2715 πρός
738 2661 767 2715 γε
781 2642 833 2704 τοῖς
850 2639 953 2713 ἄλλοις,

164 2722 204 2784 ὅτι
220 2721 258 2800 μὴ
272 2728 311 2806 τῷ
324 2722 443 2804 στεφάνῳ
455 2728 502 2796 τῆς
512 2722 594 2790 ὄντως
605 2722 736 2804 παρθένου
748 2725 778 2784 τὸ
790 2726 863 2806 ρύδον
879 2729 952 2787 συνέ-

163 2811 267 2880 πλεξας·
289 2811 362 2871 οὐδέν
384 2811 470 2870 κοινὸν
492 2812 649 2892 σωφροσύνῃ
675 2814 720 2872 καί
745 2814 813 2896 ῥόδῳ
837 2819 953 2897 αἰσχρῶς

165 2897 287 2979 βαφέντι,
305 2901 357 2958 κάκ
371 2904 418 2971 τῆς
433 2900 520 2966 αἰδοῦς
535 2898 743 2980 ἐρυθραινομένιρ
758 2901 789 2961 τδ
800 2903 949 2980 πρύσοιπον.

123 3012 151 3051 uo
162 2992 220 3061 Τῆς
239 2989 366 3068 τετάρτης
380 2988 410 3047 τὸ
420 2987 562 3046 διακύπτον
585 2987 611 3057 ἐξ
625 2990 753 3068 ούρανοῦ,
769 2989 799 3048 τὸ
821 2988 950 3069 αἰθέριον,

162 3080 192 3139 τὸ
212 3079 441 3158 άπερικάλυπτον,
464 3077 494 3136 τὸ
522 3078 646 3157 λαμπρὸν
667 3082 712 3136 τοῦ
731 3077 892 3157 προσώπου,
917 3080 952 3141 τδι

162 3171 208 3238 τῆς
223 3165 298 3239 δίκης
319 3166 403 3244 ζυγὰ,
417 3166 464 3224 καλ
485 3165 561 3224 τᾶλλ’
581 3169 666 3224 ὁπόσα
688 3166 843 3247 προσφόροις
862 3171 950 3248 bruy:

163 3255 233 3326 νίτης
250 3260 283 3336 τῇ
298 3252 396 3330 Θέμιδι
409 3254 619 3336 προσεφήρμοσε·
632 3255 784 3327 δικαιοσύνη
800 3254 850 3335 γὰρ
866 3257 891 3321 ἐξ
907 3260 949 3316 οὐ·

127 3404 130 3410 ,
165 3349 240 3423 ρανοῦ
252 3344 405 3415 διακύπτει,
416 3342 462 3401 καλ
473 3342 627 3403 ταλαντεύει
636 3343 682 3410 τὰς
696 3344 807 3423 κρίσεις,
825 3345 869 3402 καὶ
887 3345 950 3423 πρὸς

123 3452 149 3493 ³⁵
161 3433 266 3512 οὐρανὸν
289 3430 428 3490 ἀπευθύνει
442 3434 501 3498 τούς
516 3431 681 3510 ὀφθαλμούς,
695 3433 740 3490 καὶ
761 3430 834 3490 οὐδέν
850 3432 945 3510 ἀνθρώ-

162 3519 312 3599 πινονέχει.

203 3629 226 3669 7.
251 3607 412 3685 Μετάγομεν
431 3605 489 3673 τοὺς
509 3606 661 3686 ὀφθαλμοὺς
684 3607 727 3665 tat
744 3606 792 3677 τλν
816 3607 883 3684 μετδι
903 3607 949 3675 τδις

163 3694 307 3775 παρθένους
324 3692 444 3773 γραφὴν,
468 3695 514 3753 καί
536 3695 623 3775 δίφρον
647 3696 748 3774 ὁρῶμεν
771 3691 886 3775 ὑψηλὸν,
903 3697 949 3756 καὶ

162 3784 295 3861 λαμπρὸν,
310 3782 355 3841 καλ
370 3782 449 3849 biron<
466 3783 612 3861 βασιλικόν.
644 3781 757 3862 Κροίσου
775 3785 863 3865 δίφρος
878 3787 947 3844 ἐκεῖ·

122 3894 149 3933 to
162 3869 234 3943 νοςῆ
256 3872 421 3951 πολυχρύσου
442 3871 571 3944 Μυκήνης
584 3871 711 3951 τυράννου
724 3872 800 3939 τινός.
820 3873 867 3933 Ἐν
885 3875 948 3954 τῷδ’
1014 3950 1018 3961 t
1080 3933 1086 3944 ,
1220 3928 1244 3976 ,,
1310 3924 1360 3976 ,Γ
1457 3923 1511 3974 lh
1650 3921 1780 3971 mmm„

162 3960 309 4030 ἐπεκάθητο
334 3960 469 4038 μειράκιον
490 3961 654 4040 τερατῶδες,
676 3960 809 4037 γύμνωσιν
831 3965 947 4032 παντελῆ
994 3936 1088 3998 mmm
1104 3945 1202 4007 mmm
1219 3930 1287 3978 '¹⁰⁰¹
1338 3939 1423 3976 mm
1469 3937 1484 3974 Π
1513 3935 1543 3972 ⁰⁰
1560 3935 1636 3971 cum
1667 3935 1682 3972 θ

161 4049 219 4108 καθ’
233 4048 293 4107 ὅλου
305 4047 381 4128 φέρον
396 4054 441 4107 τοῦ
452 4047 587 4123 σώματος.
605 4046 667 4127 πρὸ,
683 4046 697 4105 3
713 4047 817 4127 βλέπω,
832 4051 947 4128 ᾐσρυνό,
993 4052 1052 4101 puer
1065 4037 1095 4085 ad
1107 4035 1249 4084 miraculum
1260 4032 1378 4081 formosus
1389 4034 1415 4079 et
1427 4041 1511 4079 omnen
1522 4030 1630 4090 corporis
1645 4032 1728 4090 partes
1741 4040 1780 4076 nn·

162 4161 215 4215 μην
230 4136 322 4213 αὐτὸς,
336 4138 382 4196 καί
401 4143 445 4196 τοῦ
461 4136 538 4204 ἔπους
553 4137 695 4213 ἐμνήσθην,
713 4141 747 4202 ὡς
813 4190 816 4196 ,
992 4142 1072 4191 datus.
1086 4141 1119 4189 ut
1129 4138 1190 4197 vidi,
1202 4140 1230 4185 nt
1240 4133 1341 4194 erubui,
1354 4134 1382 4182 ut
1394 4129 1553 4182 veriverbium
1566 4128 1627 4180 illud
1644 4129 1782 4180 succurrit:

1000 2596 1092 2658 plector
1105 2607 1203 2644 manum
1220 2599 1303 2654 tuam,
1321 2592 1407 2655 pictor,
1418 2593 1547 2642 exosculor
1560 2591 1718 2655 penicillum,
1734 2605 1778 2654 gn·

1000 2699 1106 2759 itemque
1119 2696 1250 2755 plurimam
1270 2695 1346 2744 babeo
1361 2699 1414 2744 tum
1428 2694 1563 2743 multorum
1583 2707 1658 2756 ergo¹
1674 2693 1715 2743 sed
1728 2704 1778 2755 pre

998 2799 1068 2860 cipue
1079 2798 1136 2860 quia
1146 2797 1245 2860 uirginis
1262 2808 1358 2845 coronae
1368 2806 1447 2845 rosam
1462 2794 1554 2844 nullam
1566 2794 1704 2845 attexuisse
1723 2791 1777 2845 tlibi!

997 2902 1061 2951 enim
1071 2913 1200 2950 commone
1211 2898 1314 2949 castitati
1322 2911 1377 2948 curu
1390 2911 1457 2959 rosa,
1467 2898 1572 2960 turpiter
1583 2900 1703 2962 sauguine
1713 2898 1777 2948 tinctu

997 3008 1081 3066 elprae
1092 3004 1182 3066 pudore
1196 3003 1329 3052 etiamnum
1345 3000 1448 3050 rubenti.
1459 3003 1509 3053 llec
1522 3012 1571 3048 non
1586 3003 1613 3049 et
1626 3005 1712 3050 mente
1732 3012 1777 3062 per·

997 3106 1099 3168 cipimus
1118 3118 1162 3154 cur
1175 3108 1271 3166 quarta,
1282 3102 1312 3151 de
1331 3102 1392 3150 coelo
1407 3100 1545 3164 prospiciat,
1563 3101 1680 3163 coeleetia,
1690 3102 1777 3157 iniecta,

998 3207 1097 3255 radianti
1112 3205 1179 3252 rullo
1188 3241 1195 3264 ,
1204 3203 1313 3265 curjusti
1328 3208 1351 3251 et
1364 3199 1551 3264 centauream
1562 3205 1703 3265 caeteraque
1712 3200 1777 3265 gestet

995 3327 1051 3376 quae
1060 3312 1169 3364 Themidl
1187 3312 1264 3375 pictor
1275 3312 1365 3375 optime
1375 3308 1473 3360 tribuit:
1488 3307 1586 3357 ,lustitia
1598 3305 1666 3356 enim
1679 3305 1709 3350 rie
1723 3301 1775 3352 coto

995 3416 1109 3478 prospicit
1117 3415 1255 3476 iudiciaque
1267 3415 1406 3474 trutinatur,
1417 3412 1448 3461 ad
1462 3411 1550 3460 coelum
1568 3410 1663 3458 lumina
1674 3406 1777 3469 cliugitci

995 3520 1054 3568 niiril
1067 3519 1166 3567 numani
1177 3517 1258 3567 babet

1025 3629 1047 3674 7.
1068 3625 1112 3673 llis
1133 3622 1245 3686 inspectis
1263 3620 1427 3670 convertimus
1445 3615 1575 3667 oculoaad
1592 3615 1777 3678 picturamque

995 3728 1100 3792 virginea
1123 3725 1213 3788 excipit
1245 3734 1393 3784 currumque
1407 3719 1518 3769 ridemus
1535 3720 1679 3777 excelsum,
1700 3714 1776 3778 splen·

993 3832 1126 3894 diuumque
1137 3831 1162 3879 et
1175 3842 1230 3878 rere
1245 3827 1357 3890 regalem.
1390 3823 1466 3873 Croeai
1478 3824 1522 3873 aut
1532 3821 1658 3884 opulentae
1670 3823 1778 3884 nycena

239 4289 274 4339 Τὸ
290 4289 322 4350 μὴ
331 4292 450 4351 limesia·
462 4287 526 4349 ²49?
541 4287 659 4335 ἀνώδυνον
676 4285 759 4334 κακόν·
1046 4296 1149 4350 Decipere
1159 4290 1281 4336 maximum
1292 4289 1340 4333 aine
1349 4287 1428 4333 dolore
1440 4291 1474 4331 eat
1483 4285 1581 4348 malum

121 4429 147 4468 to
160 4408 242 4478 Τύξον
258 4411 302 4469 καὶ
315 4414 368 4489 πῦρ
385 4409 446 4488 περὶ
462 4407 499 4466 τὼ
513 4416 584 4486 χεῖρε
599 4411 645 4465 τοῦ
660 4405 815 4485 μειρακίου,
829 4407 944 4488 φαρέτρα
992 4417 1081 4461 Arcum
1094 4411 1221 4470 ignemque
1233 4404 1344 4454 manibus
1355 4403 1469 4459 stistinet,
1481 4400 1604 4463 dependet
1616 4400 1688 4450 lateri
1699 4400 1782 4463 phere·

161 4498 221 4577 περὶ
243 4499 290 4569 τὴν
313 4495 394 4578 ὀσφύν
416 4497 460 4556 καί
480 4499 566 4569 σπάθη
583 4495 744 4575 ἀμφίκοπος·
767 4493 805 4552 τὼ
824 4494 887 4554 πόδε
907 4496 944 4573 μὴ
992 4502 1029 4549 tra
1041 4501 1158 4560 etancepe
1167 4494 1260 4558 gladius
1274 4512 1280 4542 :
1294 4492 1366 4555 perles
1381 4491 1447 4554 pueri
1459 4502 1507 4539 nou
1518 4490 1554 4538 uti
1565 4489 1632 4549 vulgi
1644 4490 1783 4548 bominum.

159 4588 219 4645 κατ’
233 4586 368 4666 ἄνθρωπον
381 4576 413 4657 ἢν
429 4589 467 4665 τῷ
483 4583 628 4664 μειρακίῳ,
644 4585 702 4641 ἀλλ’
718 4583 777 4642 δλον
791 4583 898 4661 πτερόν·
911 4587 944 4644 τὰ
992 4589 1138 4638 sedularum
1155 4585 1254 4646 remigio
1271 4581 1381 4632 instructi
1396 4601 1401 4630 ι
1417 4581 1492 4630 totiua
1504 4578 1590 4643 capitit
1603 4579 1698 4629 eximia
1710 4582 1784 4628 turma

161 4675 232 4753 δέγι
250 4676 309 4755 περί
324 4675 371 4748 τὴν
390 4675 518 4754 κεφαλὴν,
541 4671 608 4733 ούτω
621 4669 730 4750 τερπνδν
748 4671 778 4729 τὸ
794 4670 943 4750 μειράκιον,
993 4690 1122 4739 puerorum
1149 4673 1318 4736 virginumque
1338 4671 1446 4720 omnium
1471 4669 1541 4731 louge
1563 4671 1679 4730 superui,
1698 4681 1784 4730 ucutpe

160 4760 226 4842 ὑπέρ
234 4762 368 4841 μειράκιον
377 4759 604 4842 πᾶν,ύπὲρπᾶσοἰν
611 4756 818 4839 παρθένον,θιῶν
826 4759 943 4836 ἄγαλμα,
992 4771 1095 4815 Deorum
1114 4763 1286 4820 simulacrum,
1299 4759 1367 4810 toria
1380 4758 1473 4818 imago,
1487 4753 1590 4805 Venerit
1609 4762 1710 4815 cestus,
1724 4758 1784 4805 Gra·

105 4847 264 4908 ’συείδωλον
280 4852 356 4921 Διὸς,
373 4851 432 4917 tto<
453 4849 542 4916 κεστὸς
557 4847 724 4929 Ἀφροδίτης,
744 4844 801 4911 ὅλος
821 4849 942 4928 Χαρίτων
991 4857 1077 4904 tiaruru
1093 4855 1189 4916 pratum
1200 4850 1308 4911 adeoque
1319 4847 1435 4910 ipsissima
1445 4845 1562 4906 Voluptas
1576 4845 1639 4893 erat.
1677 4844 1784 4903 Quodsi

159 4933 270 5014 λειμὼν,
282 4936 340 5005 ὅλος
353 4937 442 5008 ἡδονή.
457 4936 503 4996 Ἂν
518 4935 625 5001 θέτιδος
641 4934 740 5014 γάμος,
756 4933 787 4991 ἂν
798 4931 872 5014 Ἥρα
882 4937 953 5015 περί
990 4945 1075 4993 iterum
1087 4941 1188 4991 nuberet
1207 4939 1307 5000 Thetis,
1321 4937 1480 4998 uleuseutque
1490 4935 1571 4993 luno,
1591 4933 1722 4997 Minerva,
1735 4935 1785 4982 lle·

159 5021 203 5081 τθν
220 5023 314 5100 γάμον,
330 5024 361 5082 ἂν
375 5025 531 5104 Ἀφροδίτη,
546 5025 577 5083 ἂν
590 5024 702 5101 Ἀθηνᾶ,
715 5022 746 5081 ἂν
764 5024 807 5081 καὶ
822 5030 898 5085 τοῦτο
912 5025 941 5085 τύ
990 5046 1085 5096 nosque
1099 5033 1124 5081 ei
1143 5032 1188 5080 iste
1202 5042 1269 5092 puer,
1281 5028 1300 5078 si
1315 5026 1453 5077 conuiuium
1464 5021 1586 5075 uteoruia
1599 5023 1725 5084 turbaret,
1740 5037 1784 5087 po·

160 5111 303 5192 μειράκιον,
322 5113 352 5170 ἂν
367 5111 443 5194 Ἔρις
456 5116 569 5193 ξυγκυκᾷ
580 5114 610 5173 τὸ
625 5113 783 5192 συμπόσιον,
805 5115 834 5172 ἃν
858 5118 940 5193 μῆλον
991 5134 1105 5184 mirorque
1125 5119 1266 5184 pulchrioris
1292 5117 1374 5166 sermm
1397 5113 1540 5177 praemium,
1558 5114 1585 5162 et
1614 5111 1685 5163 Paris
1706 5112 1784 5176 J’urlex
