3726 5692
157 360 213 410 tto
696 337 908 398 uutlouost
929 331 1233 395 AEtfltoelcouuu

154 476 251 546 σαυτήν
273 472 470 549 ἀναλαμῦάνειν
490 470 535 528 καί
549 470 578 528 τὸ
603 469 686 545 παρδν
709 467 849 545 ἡσυχάζειν
873 463 940 541 μηδὲ
986 483 1067 530 mum,
1077 471 1206 530 antequam
1221 467 1250 516 ad
1261 480 1312 516 rem
1322 466 1497 530 aggrediamur,
1511 465 1551 515 sed
1562 466 1625 515 bona
1634 478 1676 528 spe
1690 469 1715 516 te
1724 481 1775 517 ευτ-

153 565 336 641 δυσθυμυῦσαν
346 559 577 639 προαποκάμνειν,
590 560 647 615 ἀλλ’
658 555 761 620 εὔελπις
775 545 851 612 εἶναι.
985 561 1069 608 tentes.

195 655 249 711 ls'.
267 653 292 710 Τ
294 651 351 707 αῦτ’
362 640 420 707 εἶπε
429 646 473 705 καλ
482 648 613 724 ἀφελοῦσα
623 643 666 701 τὸν
677 641 785 721 λύχνον,
793 641 941 698 έπικλεισα·
1017 650 1059 696 xi.
1075 649 1133 695 timo
1145 645 1221 705 dixit,
1235 646 1260 694 et
1271 645 1351 693 ablato
1361 645 1448 706 lychno
1458 645 1532 706 atque
1541 643 1660 692 conclusis
1672 643 1777 693 tbslcmi

155 736 221 815 μένη
237 762 264 795 τε
279 743 323 795 τοῦ
339 735 458 810 θαλάμου
478 731 524 798 τὰς
539 731 632 811 θύρας,
653 730 812 809 ἐξώρμησεν.
856 725 941 787 Οὔπω
987 735 1078 784 loribus
1104 733 1171 782 abiit.
1205 735 1267 783 cum
1289 735 1371 782 autem
1389 732 1489 781 vixdum
1506 732 1569 781 diem
1582 732 1709 793 sensisset,
1727 745 1778 782 nuo

127 825 177 885 ιδ’
201 823 314 904 δκριῦῶς
337 823 438 901 ἡμέρας
463 818 650 898 έπησθημένη,
674 821 726 874 τῶν
749 839 777 874 τε
802 813 940 894 βασιλείων
986 838 1017 874 εκ
1029 823 1100 885 regiis
1112 821 1229 872 eunuchis
1243 824 1364 882 assumto,
1380 823 1495 883 pretereo
1506 821 1649 883 pedissequa
1660 834 1779 872 unacum

155 911 284 990 εὐνούχων
309 909 354 968 ἕνα
379 907 576 989 παραλαόοῦσα
590 905 636 965 καί
660 904 742 976 ἄλλην
766 903 940 982 θεράπαιναν,
987 912 1131 976 placentulis
1146 913 1170 960 et
1184 911 1237 960 aliis
1250 911 1321 976 rebus
1337 909 1368 959 sd
1382 910 1526 959 sucrificium
1537 909 1676 970 destinatis,
1692 910 1779 962 subse-

154 999 212 1074 δίμα
227 999 354 1064 ποπάνοις
371 997 417 1055 καλ
433 996 529 1076 ἑτέροις
543 994 575 1065 δή
590 1017 643 1053 τισι
658 993 821 1068 θυμιάμασιν
834 989 942 1049 έπεσθαι
987 1000 1029 1063 qul
1038 1001 1113 1062 iussu,
1125 998 1155 1048 ud
1168 999 1287 1060 templum
1301 997 1369 1047 isidis
1381 997 1531 1060 properabat.
1565 1001 1697 1060 Postquam
1711 1000 1780 1050 stetit

155 1086 340 1167 προστάξασα,
364 1085 407 1143 ἐπί
428 1084 457 1144 τὸ
480 1083 578 1145 'loeson
594 1083 727 1142 ἔσπευδεν.
770 1079 820 1147 Ὡς
843 1079 870 1137 δέ
889 1086 942 1144 τοῖς
988 1085 1782 1152 proloribus,sscriticiumsedeminuturamdioensprodomiua

156 1177 292 1254 προθύροις
309 1174 421 1247 ἐπέστη,
436 1173 528 1232 θυσίαν
547 1172 619 1249 άγειν
636 1175 669 1250 τῇ
685 1173 735 1248 θεῷ
749 1166 862 1245 λέγουσα
877 1166 942 1246 ὑπὲρ
988 1182 1088 1235 Ατεουο,
1106 1174 1250 1237 quibusdam
1268 1174 1392 1224 insomniis
1413 1176 1497 1223 territa
1513 1176 1538 1224 ct
1551 1175 1647 1238 placare
1668 1177 1722 1224 risa
1737 1189 1779 1226 vo·

116 1287 141 1324 to
154 1269 200 1334 τῆς
214 1262 350 1333 δεσποίνης
364 1262 513 1340 Ἀρσάκης,
528 1261 558 1317 ἔκ
572 1283 649 1317 τινων
663 1256 801 1335 ὀνειράτων
818 1277 942 1333 τεταραγ-
988 1267 1065 1325 lente,
1074 1264 1173 1328 quidam
1183 1277 1212 1313 εκ
1220 1263 1317 1313 edituis
1325 1262 1466 1325 prohibebat
1475 1263 1500 1312 et
1506 1263 1644 1325 obtegebat,
1654 1264 1780 1314 moestitiae

155 1351 235 1427 μένης
250 1349 495 1414 καὶέξιλεόισασθαι
517 1347 551 1405 τδ
573 1346 682 1426 ὀφθέντα
700 1342 875 1423 βουλομένης,
891 1345 942 1399 τῶν
989 1353 1086 1414 plenum
1100 1366 1152 1402 esse
1168 1351 1286 1414 tempium
1305 1351 1416 1399 reterens.
1449 1351 1585 1400 Antistitem
1600 1352 1666 1400 enim
1685 1353 1779 1403 estad

156 1440 290 1520 νεωκόρων
306 1464 345 1506 τις
362 1437 488 1497 διεκώλυέ
505 1459 533 1494 τε
555 1435 602 1494 καλ
623 1434 781 1510 εἰπέπιμπε,
800 1429 944 1510 κατηφείας
989 1440 1079 1499 ridem,
1099 1454 1155 1489 cum
1173 1442 1228 1502 post
1239 1439 1338 1500 longum
1357 1443 1452 1500 tempus
1464 1438 1564 1488 domum
1580 1439 1704 1500 rediisset,
1719 1454 1781 1490 con·

155 1528 189 1585 τά
211 1529 271 1607 περὶ
292 1529 322 1587 τὸ
344 1527 413 1605 ἱερὸν
437 1527 624 1602 ἐμπεπλῆσθαι
645 1523 767 1604 φάσκων·
782 1520 825 1578 τδν
846 1518 897 1598 γάρ
911 1517 943 1589 δὴ
990 1528 1097 1577 viretum
1110 1541 1161 1577 esse
1175 1528 1266 1577 leutius
1279 1538 1394 1575 unacum
1407 1525 1535 1575 carissimis
1549 1526 1595 1576 sub
1612 1540 1740 1590 vesperam
1753 1532 1779 1579 et

156 1615 293 1696 προφήτην
302 1615 347 1674 τὸν
358 1614 505 1694 Καλάσιριν
516 1619 625 1692 μακροῖς
633 1609 734 1689 χρόνοις
745 1611 780 1674 εἶς
791 1606 838 1679 τὴν
846 1605 943 1664 οίκείαν
990 1630 1060 1665 usum
1082 1629 1133 1664 esse
1154 1615 1283 1664 remissiori
1301 1614 1331 1662 ad
1352 1627 1449 1662 omnem
1468 1614 1613 1664 bilaritatem
1628 1628 1657 1664 oc
1672 1615 1780 1666 delecta·

119 1726 143 1764 ts
157 1703 336 1774 ἐπανήκοντα,
350 1705 500 1771 έοτιαθῆναι
513 1700 560 1777 μὲν
573 1701 701 1778 λαμπρῶς
714 1696 770 1774 ἅμα
784 1697 836 1760 τοῖς
849 1694 944 1773 φιλτά-
990 1705 1080 1753 tionem
1095 1704 1184 1753 unimo.
1220 1707 1275 1752 t‘ost
1289 1702 1430 1751 cousinium
1445 1705 1527 1752 autem
1540 1703 1625 1752 libasse
1634 1707 1660 1752 et
1673 1705 1778 1755 multum

156 1816 209 1858 τοις
223 1790 291 1850 κατὰ
306 1791 353 1862 τήν
370 1791 484 1869 ἑσπέραν
499 1789 545 1847 καὶ
560 1787 624 1868 πρδς
637 1796 726 1844 πᾶσαν
741 1784 827 1842 άνεσιν
842 1781 887 1839 καὶ
899 1783 945 1860 ψυ·
989 1792 1136 1854 supplicasse
1149 1791 1200 1841 dem
1218 1808 1225 1840 ε
1246 1804 1351 1854 cumque
1374 1790 1428 1840 tiliis
1446 1791 1559 1852 dixisset,
1575 1792 1640 1854 quod
1662 1792 1781 1842 imotenus

156 1879 291 1960 χαγωγίαν
301 1879 379 1937 αὐτὸν
391 1879 524 1949 ἐκδοῦναι,
534 1874 600 1953 μετὰ
610 1876 637 1933 δὲ
647 1873 695 1945 τὴν
703 1871 828 1950 εὐωχίαν,
838 1866 945 1928 σπεῖσαί
990 1883 1068 1929 essent
1084 1879 1158 1929 uisuri
1179 1882 1287 1943 petrem,
1308 1878 1460 1942 dedissetque
1475 1881 1590 1929 mandute
1604 1880 1634 1930 de
1646 1880 1780 1942 jnrenihrs

156 1991 184 2026 τε
196 1968 241 2026 καὶ
252 1966 339 2025 πολλὰ
351 1966 548 2042 έπεύξασθαιτῇ
561 1968 611 2041 θεῷ
620 1963 726 2027 καὶτοῖς
735 1959 825 2017 παισὶν
838 1957 944 2016 εἰπόντα
990 1968 1081 2018 Grmcis
1097 1968 1207 2030 quicum
1221 1981 1250 2018 eo
1267 1971 1399 2029 venerunt,
1414 1971 1441 2018 ut
1461 1968 1508 2017 illis
1526 1968 1707 2031 diligentissimo
1722 1983 1779 2032 pro·

157 2060 193 2123 ῶς
209 2056 271 2134 άχρι
285 2061 330 2113 τοῦ
345 2055 472 2134 παρόντος
490 2055 598 2136 ὄψονται
617 2052 660 2111 τὀν
676 2050 778 2128 πατέρα
796 2047 842 2106 καὶ
859 2044 944 2105 πολλὰ
990 2057 1123 2119 spicereut,
1142 2059 1167 2105 et
1180 2055 1268 2118 quibus
1279 2057 1304 2105 in
1314 2055 1386 2106 rebus
1396 2070 1467 2119 opem
1481 2056 1646 2120 implorarent,
1660 2072 1704 2121 pro
1715 2059 1779 2108 uirili

117 2170 144 2208 eo
158 2144 356 2224 έπισκήθαντα,
371 2147 423 2201 τῶν
446 2144 492 2201 οὐν
508 2144 580 2223 αὐτῷ
599 2141 663 2199 νέων
682 2138 816 2207 Ἑλλήνων
832 2134 946 2215 άφιγμέ-
991 2144 1132 2205 siliumeuto
1155 2146 1250 2207 essent,
1272 2145 1383 2194 cubitum
1404 2159 1430 2194 ee
1445 2146 1583 2195 contulisse.
1616 2147 1721 2208 Deinde,
1736 2160 1778 2197 seu

156 2255 222 2302 νυιν,
238 2236 272 2296 ὡς
290 2231 326 2289 ένι
342 2231 479 2307 μάλιστα,
496 2237 629 2308 προνοεῖν,
645 2228 690 2287 καὶ
706 2230 731 2285 έν
746 2218 782 2291 οἷς
797 2223 828 2283 ἂν
846 2225 945 2303 βουλο-
991 2236 1087 2294 propter
1107 2216 1190 2293 garrdit'
1209 2231 1399 2293 magnitudinem
1420 2234 1538 2283 meatibus
1560 2234 1689 2296 spirituum
1713 2236 1777 2285 ultra

159 2318 245 2394 μένοις
258 2321 345 2384 αὐτοῖς
359 2319 480 2394 γίγνηται
492 2317 525 2374 τὰ
541 2317 639 2374 δυνατὰ
654 2315 849 2395 συμπράττειν,
862 2334 945 2370 κατα·
992 2321 1092 2369 modum
1105 2320 1190 2369 solutis
1202 2322 1227 2369 et
1238 2321 1339 2381 issatis,
1351 2323 1466 2383 tauquam
1477 2323 1543 2371 senio
1556 2323 1667 2373 contecto
1679 2336 1781 2386 corpore

159 2406 285 2464 κλίναντά
304 2411 327 2463 τ’
344 2406 421 2464 αὐτὸν
438 2406 483 2464 καὶ
498 2405 550 2463 είτε
565 2404 608 2462 διὰ
624 2404 654 2461 τὸ
667 2408 713 2472 τῆς
727 2411 812 2481 χαρᾶς
825 2401 944 2478 μέγεθος,
990 2409 1071 2458 subito
1086 2408 1179 2458 viribus
1190 2409 1320 2470 destituto,
1335 2423 1377 2459 seu
1390 2409 1449 2471 diis,
1463 2425 1477 2458 a
1492 2411 1578 2473 quibus
1597 2411 1643 2461 boc
1660 2413 1778 2475 petient,

158 2498 210 2552 τῶν
225 2498 410 2571 πνευματικῶν
422 2494 509 2574 πόρων
532 2495 567 2559 είς
580 2490 728 2572 ῦπερόολὴν
746 2487 885 2547 άνεθέντων
900 2489 945 2545 καὶ
991 2497 1024 2546 illi
1035 2497 1215 2560 prebentibus,
1224 2497 1288 2549 circa
1297 2498 1443 2561 gallicinium
1451 2499 1573 2561 cognitum
1582 2513 1633 2550 esse
1644 2504 1779 2561 mortuum,

118 2606 145 2647 ss
159 2583 360 2663 χαλασθέντων,
386 2574 430 2641 οἷα
450 2582 481 2653 δὴ
505 2586 617 2662 γηραιοῦ
640 2586 685 2639 τοῦ
710 2578 835 2653 σώματος
854 2576 945 2655 ἀθρόον
992 2586 1046 2635 tiliis
1058 2591 1155 2649 propter
1165 2601 1207 2646 ea,
1219 2601 1274 2650 quse
1289 2587 1337 2637 iltis
1349 2587 1495 2650 predixerit
1510 2591 1585 2650 pater,
1602 2591 1655 2638 tota
1670 2591 1781 2641 nocteiu

160 2670 361 2753 διαφθαρέντος,
376 2668 427 2728 εἴτε
440 2669 485 2728 καί
500 2672 564 2727 θεῶν
578 2668 716 2739 αἰτήσαντι
727 2672 803 2724 τοῦτο
812 2686 946 2742 παρασχο-
991 2674 1056 2722 illius
1067 2674 1260 2725 observationem
1278 2676 1384 2725 intentis
1416 2679 1448 2725 Et
1466 2689 1545 2737 nunc,
1563 2677 1657 2739 inquit,
1670 2679 1781 2730 misimus

159 2759 261 2837 μένων,
284 2762 320 2826 εἰς
345 2757 524 2838 ἀλεκτρυόνων
547 2756 616 2837 ᾠδὰς
639 2753 843 2826 τετελευτηκότα
872 2776 946 2830 γνω-
991 2763 1103 2824 nuntios,
1115 2765 1274 2814 accersiturus
1287 2778 1319 2815 ex
1334 2765 1395 2814 urbe
1409 2764 1528 2826 reliquum
1542 2765 1692 2827 pontificium
1707 2771 1734 2818 et
1745 2782 1781 2819 ss·

159 2852 267 2920 σθῆναι,
290 2851 341 2906 τῶν
355 2846 458 2905 παίδων
480 2844 506 2913 έξ
526 2836 562 2904 ῶν
582 2843 724 2925 προῦλεγεν
746 2847 760 2901 ὁ
781 2840 945 2920 πρεσῦότης,
992 2850 1113 2901 cerdotole
1133 2865 1224 2914 genus,
1242 2856 1271 2903 ut
1288 2853 1322 2902 illi
1338 2853 1403 2914 iuste
1422 2853 1532 2903 funebria
1551 2854 1687 2905 secundum
1705 2856 1781 2919 legera

70 2952 73 2957 ’
158 2936 302 3014 παννύχιον
323 2934 560 3014 παρατηρούντων·
577 2935 622 2992 καὶ
640 2939 698 3004 νῦν,
720 2931 784 3013 ἔφη,
800 2928 945 3011 διεπεμψά-
992 2939 1076 3000 μεθείω
1088 2941 1234 3004 persolvent.
1268 2941 1445 2991 Discedeudum
1461 2948 1496 2991 est
1510 2942 1674 3005 igiturrobis.
1697 2947 1782 3008 Neque

119 3047 146 3086 so
159 3029 226 3100 μεθα
247 3022 306 3088 τούς
328 3021 557 3099 μετακαλέοοντας
583 3021 720 3081 miremini
744 3024 795 3078 τῶν
816 3019 886 3076 κατὰ
899 3018 947 3090 τήν
992 3028 1056 3076 enim
1070 3029 1104 3077 tas
1117 3030 1292 3092 estcuiquam,
1315 3029 1404 3092 ingredi
1419 3030 1552 3092 templum,
1566 3031 1657 3082 nedum
1675 3037 1783 3084 mesre

160 3112 236 3169 πολιν
260 3113 432 3192 προφητικῶν
448 3135 476 3169 τε
492 3111 538 3169 καὶ
557 3113 694 3189 ἱερατικῶν
708 3109 795 3187 γένος,
811 3110 846 3174 ὡς
867 3105 898 3166 διν
914 3107 947 3164 cd
993 3116 1139 3179 quidquam,
1157 3131 1198 3179 per
1213 3119 1256 3167 tros
1266 3120 1330 3167 totos
1340 3121 1431 3181 septem
1440 3119 1504 3178 dies,
1517 3120 1675 3181 praeterbos,
1688 3123 1732 3184 qui
1744 3135 1782 3172 ss·

157 3198 316 3275 νομιζόμενα
337 3200 380 3256 ἐπ’
403 3201 474 3277 αὐτῷ
489 3203 537 3269 τῆς
557 3199 664 3269 κηδείας
686 3196 756 3256 κατὰ
770 3196 814 3253 τδν
837 3196 946 3273 πάτριον
992 3205 1099 3254 cerdotio
1111 3207 1251 3268 turiguntur.
1286 3206 1414 3263 Quomodo
1424 3207 1505 3269 iisque
1517 3207 1621 3269 hospites
1631 3208 1783 3274 lroctempos

159 3287 238 3363 νόμον
247 3291 356 3346 τελοῖεν.
400 3286 599 3365 Ἀποχωρητέον
615 3279 659 3344 οὐν
673 3289 743 3360 ὑμῖν.
753 3283 795 3342 Οὐ
812 3283 863 3362 γὰρ
875 3283 947 3359 θέμις
993 3293 1138 3341 traducent?
1164 3293 1289 3355 quaerebat
1311 3295 1408 3357 cybele.
1443 3298 1504 3345 Tum
1524 3295 1564 3345 ille
1583 3312 1589 3344 :
1609 3296 1782 3351 ttobitnculum

161 3371 199 3450 μὴ
210 3375 249 3434 ὅτι
264 3398 293 3451 γε
306 3374 374 3431 θόειν
390 3376 448 3431 ἀλλ’
464 3374 516 3430 οὐδ’
529 3374 673 3431 ἐπιόαίνειν
687 3378 732 3429 τοῦ
747 3371 797 3429 νεὼ
811 3368 880 3440 πλὴν
894 3380 947 3437 τοῖς
992 3379 1040 3428 iltis
1050 3382 1119 3428 extra
1129 3380 1245 3443 temptum
1255 3381 1366 3430 adornari
1374 3382 1531 3443 iussitnovus
1541 3385 1640 3434 antistes
1649 3387 1781 3450 Tbysmis:

120 3486 145 3525 os
159 3465 323 3541 ίερωμένοις,
339 3461 407 3519 ἑπτὰ
419 3461 516 3520 τούτων
532 3460 599 3519 όλων
617 3464 669 3517 τῶν
682 3459 813 3538 ἐχομένων
828 3462 945 3537 ἡμερῶν.
992 3469 1016 3515 ct
1029 3470 1056 3516 ut
1071 3467 1136 3517 vido
1151 3468 1188 3517 isti
1207 3469 1252 3530 ipsi
1265 3468 1414 3533 adveniunt,
1428 3471 1487 3520 dum
1501 3473 1545 3533 1εηί
1559 3470 1744 3536 obtemperent,
1758 3476 1783 3526 iu

162 3553 224 3615 Πῶς
242 3541 285 3606 οὐν
300 3552 324 3607 ot
339 3549 404 3616 ξένοι
419 3544 849 3626 διάξουσιν;ἔφασκενὴίίυόέλη.
892 3545 947 3607 Καὶ
993 3555 1403 3620 presentisetempioemigrantrs.
1437 3559 1528 3622 cybele
1540 3560 1783 3627 igituroccasiooom,

161 3636 201 3709 ὃς,
230 3636 405 3715 Καταγόιγιον
430 3639 517 3703 αὐτοῖς
539 3638 737 3715 εὐτρεπισθῆναι
760 3634 947 3693 πλεῖστονκαὶ
993 3644 1062 3708 quasi
1071 3643 1103 3694 ad
1113 3644 1220 3707 rapinam
1229 3647 1356 3696 etinitium
1366 3648 1675 3713 rucupiiaccommodsns,
1689 3655 1784 3712 Quam·

161 3724 209 3792 ἔξω
221 3747 271 3782 που
284 3723 343 3803 περὶ
359 3723 401 3782 τὸν
415 3721 479 3782 νεὼν
495 3728 508 3782 ό
521 3724 575 3791 νέος
590 3724 726 3806 προφήτης
740 3728 753 3781 ὁ
767 3723 873 3799 θύαμις
887 3723 948 3780 ἐπέ·
993 3733 1091 3794 obrem,
1113 3733 1204 3795 iuquit,
1226 3733 1315 3783 aeditue
1334 3733 1371 3783 dis
1386 3735 1522 3795 carissime,
1541 3739 1680 3799 opportune
1696 3740 1785 3801 poteris

161 3815 246 3871 στειλε
258 3811 303 3871 καί
317 3817 352 3877 ὡς
366 3817 441 3893 δρᾷς,
456 3813 534 3871 αὐτοί
545 3813 569 3891 γ’
581 3805 652 3872 οὗτοι
664 3812 805 3892 προσίασι,
823 3815 860 3890 τῷ
874 3812 948 3890 νόμῳ
994 3825 1017 3871 et
1031 3822 1137 3884 hospites
1152 3824 1176 3870 et
1190 3835 1234 3871 nos
1246 3821 1362 3871 beneficio
1376 3822 1488 3881 efficere,
1503 3825 1578 3886 magis
1594 3838 1653 3873 vero
1665 3833 1783 3885 Amnon.

122 3919 148 3958 ro
160 3901 307 3975 πειθόμενοι
322 3901 367 3957 καλ
383 3900 547 3969 ἐξοικίζοντες
560 3901 653 3968 αὐτούς
662 3905 713 3958 τῶν
725 3903 801 3980 ἱερῶν
814 3900 843 3958 τδ
854 3899 947 3980 παρόν.
994 3909 1146 3972 reginmagni
1162 3924 1278 3960 sororem.
1311 3911 1454 3972 sciseuim,
1468 3916 1617 3976 qrrantopere
1635 3916 1732 3966 Grecis
1748 3916 1784 3966 te·

161 3987 195 4047 ‘H
218 3988 244 4044 δὲ
271 3988 379 4058 Κυόέλη
402 3986 449 4059 τὴν
475 3988 613 4067 ξυντυχίαν
637 3987 767 4068 ἅρπαγμα
790 3988 835 4045 καί
857 3986 948 4065 ῶσπερ
994 4001 1215 4061 veat,quautoquc
1226 3998 1307 4049 studio
1317 4000 1455 4062 peregrinos
1465 4001 1568 4062 bospitio
1577 4003 1655 4052 soleat
1666 4004 1781 4067 accipere

161 4076 242 4156 άγρας
257 4075 341 4155 ἀρχὴν
358 4075 542 4153 ποιησαμένη,
563 4078 682 4148 Οὐκοῦν,
702 4076 764 4158 ἔφη,
780 4065 948 4155 ῶνεωκόρων
994 4086 1040 4137 Dic
1052 4086 1125 4147 igitur
1136 4086 1281 4149 iuvenibus,
1302 4088 1380 4150 quod,
1396 4092 1462 4149 iussu
1482 4091 1636 4151 ’[Ιιγοοιίθίο,
1651 4093 1677 4141 in
1698 4094 1785 4143 αοεθὴ

161 4164 361 4247 θεοφιλέστατε,
388 4164 477 4244 καιρδς
502 4164 561 4232 τοῦς
589 4189 617 4223 τε
642 4164 727 4233 ξένους
757 4164 801 4222 καὶ
824 4169 894 4240 ἡμᾶς
919 4154 948 4223 εὐ
993 4174 1088 4224 uadibus
1103 4174 1269 4224 habitaculum
1287 4177 1334 4225 illls
1350 4180 1386 4226 est
1403 4177 1557 4226 instructum.
1591 4180 1658 4229 Fecit
1677 4180 1783 4230 itandi-

161 4255 258 4326 ποιεῖν,
270 4254 370 4330 μᾶλλον
382 4254 403 4311 δ’
414 4253 543 4334 Ἀρσάκην
556 4254 671 4331 μεγάλου
683 4253 812 4335 βασιλέως
821 4253 948 4335 ἀδελφήν·
993 4265 1063 4323 θυαε,
1075 4261 1135 4311 uibil
1148 4276 1246 4324 eorum,
1260 4277 1316 4326 qum
1328 4265 1417 4326 Cybele
1429 4265 1579 4325 moliebatur,
1592 4269 1732 4330 suspicans,
1742 4267 1784 4319 scd

123 4365 149 4404 is
161 4333 235 4402 οἶσθα
249 4341 301 4420 γάρ
316 4345 351 4410 ὡς
373 4343 499 4423 φιλέλλην
520 4344 546 4400 τ’
568 4343 623 4400 ἐστὶ
647 4343 692 4400 καὶ
707 4339 788 4409 δεξιόν
810 4364 834 4398 τι
854 4347 948 4422 χρῆμα
994 4351 1153 4412 existimaus,
1168 4364 1193 4401 se
1212 4351 1354 4402 beneficium
1367 4353 1512 4403 collaturum
1524 4368 1575 4405 csse
1589 4356 1613 4404 in
1626 4356 1784 4419 hospites,si

162 4431 222 4510 περί
237 4429 315 4499 ξένοιν
331 4430 473 4510 ὑποδοχήν.
516 4429 580 4508 Λέγ’
597 4424 641 4489 οὐν
657 4428 721 4510 πρὸς
738 4429 797 4495 τούς
817 4430 900 4504 νέους,
915 4433 949 4496 ὡς
994 4439 1041 4489 illis
1056 4452 1185 4502 operosus
1198 4441 1340 4503 mirapicam
1354 4442 1434 4491 aulem
1447 4443 1598 4493 conciliasset
1615 4447 1641 4493 et
1654 4445 1728 4495 simul
1741 4446 1783 4505 rs.

162 4519 230 4576 κατὰ
244 4519 273 4578 τὸ
286 4519 446 4598 πρόσταγμα
461 4524 506 4577 τοῦ
522 4519 659 4595 Θυάμιδος
673 4521 699 4577 ἐν
713 4517 843 4597 ἡμετέρου
858 4519 887 4575 τὸ
901 4543 949 4576 κα·
994 4528 1036 4588 qui
1050 4527 1180 4589 petebant,
1194 4542 1245 4577 rem
1264 4533 1366 4590 gratam,
1387 4544 1464 4593 neqire
1483 4532 1596 4593 cuiquam
1608 4531 1783 4584 detrimentum

162 4605 290 4684 ταγώγιον
302 4611 390 4674 αὐτοῖς
400 4605 584 4687 ηὐτρέπισται.
611 4606 753 4677 Ἐποίησεν
766 4605 847 4672 οὕτως
861 4609 948 4663 δνεω·
994 4617 1037 4664 aut
1056 4617 1191 4679 periculum
1209 4617 1353 4677 allaturam,
1371 4619 1501 4668 iacturum.
1535 4621 1692 4683 cumqueud
1709 4622 1784 4673 mes

163 4694 253 4773 κόρος,
268 4695 341 4754 οὐδὲν
357 4700 408 4754 τῶν
425 4694 688 4773 βυσσοδομευομένων
702 4694 754 4752 ὑπὸ
768 4697 814 4764 τῆς
828 4691 949 4765 Κυῦέλης
994 4716 1078 4764 genem
1099 4708 1125 4754 et
1139 4705 1289 4755 clrerlcleam
1310 4707 1427 4768 venisset,
1449 4720 1593 4757 moeroreac
1608 4709 1717 4760 lacrimis
1730 4723 1783 4773 per·

122 4801 149 4839 so
165 4784 345 4856 innocontiam,
357 4783 415 4841 ἀλλ’
429 4782 608 4861 εὐεργετήσειν
623 4783 646 4841 τ’
660 4784 776 4860 οἰόμενος
786 4781 844 4848 τούς
854 4781 948 4857 ξένους,
994 4791 1071 4853 ditos,
1088 4796 1150 4843 sanc
1164 4794 1228 4843 tiaud
1243 4794 1356 4856 legitima,
1370 4795 1461 4858 inquit,
1483 4809 1561 4858 neque
1572 4810 1615 4859 es,
1636 4812 1696 4860 qum
1714 4799 1783 4861 patrii

165 4875 187 4931 εί
203 4872 323 4951 πρόξενος
336 4874 422 4938 αὐτοῖς
436 4873 519 4940 αὐλῆς
534 4876 699 4952 σατραπικῆς
714 4873 815 4949 γένοιτο
832 4869 878 4929 καί
892 4869 949 4947 άμα
996 4893 1075 4931 mores
1092 4882 1252 4944 institutaque
1264 4882 1355 4945 terent,
1368 4884 1502 4946 presertim
1515 4899 1570 4934 cum
1583 4885 1615 4935 sit
1631 4886 1702 4936 robis
1714 4891 1785 4936 antes

165 4964 218 5026 τοῖς
228 4963 328 5016 αἰτοῦσι
338 4957 385 5030 τήν
395 4958 472 5039 χάριν
481 4959 588 5031 dilati
599 4959 644 5017 καὶ
655 4965 730 5018 ταῦτ’
740 4950 819 5019 οὐσαν
830 4957 876 5017 καὶ
887 4960 950 5030 άζή-
996 4969 1063 5018 tuctu
1082 4969 1252 5030 interdictum,
1268 4971 1358 5034 tacitis,
1373 4972 1438 5034 quod
1459 4974 1591 5023 antistitem
1612 4974 1748 5038 deplorctis
1760 4976 1785 5024 et

166 5072 224 5126 μιον
239 5046 438 5107 καθικετεόσειν.
482 5051 616 5129 Κατηφεῖς
631 5048 662 5118 δὴ
684 5048 729 5106 καλ
749 5047 951 5127 δεδακρυμένους
996 5057 1177 5120 lugetiszquem
1188 5059 1302 5109 lmtitiaet
1310 5061 1509 5123 gratulationibus
1519 5062 1784 5124 prosequendarum,

165 5135 362 5207 πλησιάσαντας
375 5131 433 5199 τούς
445 5135 505 5213 περὶ
515 5135 558 5194 τὸν
570 5135 706 5215 Θεαγένην
717 5134 778 5193 ἰδὼν
788 5138 802 5193 ὁ
812 5136 949 5216 νεωκόρος,
997 5149 1112 5208 munnam
1123 5146 1248 5196 meliorem
1260 5154 1415 5199 consecutum
1426 5150 1547 5213 reputem,
1558 5154 1583 5200 et
1592 5152 1782 5215 prmstentiwu
