3726 5692
866 355 977 415 alneu
1002 357 1054 415 vt.

150 486 175 544 δέ
185 508 250 544 ποτε
266 482 401 542 ἐπαύσατο
415 489 460 554 τῆς
480 482 537 560 βίας
547 481 583 551 ,ἢ
599 481 696 560 τυχὼν,
717 482 785 557 iqui,
807 483 904 562 τυχὼν,
920 483 937 553 ἢ

149 572 261 651 καμὼν,
271 572 343 650 λέγει
357 573 421 650 πρὸς
435 571 513 629 αὐτὸν
528 575 545 640 ί,
562 571 715 639 Λευκίππη·
738 569 802 629 οὔθ’
815 574 849 636 ὡς
865 571 937 629 ἐλεύ-

149 669 219 741 θερος
232 669 329 734 ποιεῖς,
350 660 402 718 οὔθ’
422 664 455 722 ὡς
477 658 597 733 εὐγενής·
616 659 661 717 καὶ
680 657 712 716 σίν
733 657 856 734 ἐμιμήσω
879 662 938 718 Σω·

149 751 255 822 σθίνην.
295 746 380 817 Ἄξιος
391 754 406 807 δ
417 751 507 814 δοῦλος
519 753 563 806 τοῦ
576 747 714 805 δεσπότου.
757 746 826 805 Ἀλλ’
837 746 938 827 ἀπέχου

119 846 198 901 aruir
215 841 321 909 λοιποῦ,
348 837 410 914 μηδ’
429 838 538 915 ἐλπίσῃς
558 839 656 914 τυχεῖν,
677 833 745 906 πλὴν
767 837 790 892 εἷ
815 834 852 911 μὴ
875 836 937 916 γένῃ

152 928 314 1005 Κλειτοφῖιν.

196 1012 255 1074 iti.
269 1009 350 1072 Ταῦτ’
371 1007 484 1074 ἀκούσας
500 1012 514 1067 ὁ
531 1007 697 1088 Θέρσανδρος
711 1010 757 1067 οὐκ
772 999 841 1089 εἶχεν
857 1011 883 1075 ός
900 1033 938 1076 τις

155 1102 272 1180 γίνηται.
316 1098 370 1159 Καὶ
382 1096 434 1178 γὰρ
445 1096 506 1175 ἤρα,
517 1097 562 1154 καί
574 1098 708 1177 ὠργίζετο.
751 1097 843 1173 Θυμθς
855 1097 882 1156 δὲ
895 1097 940 1156 καί

147 1192 214 1264 ἔρως
224 1189 271 1254 δύο
281 1186 432 1260 λαμπάδες.
476 1182 554 1263 Ἔχει
566 1184 618 1263 γὰρ
630 1185 674 1243 καί
686 1189 700 1243 δ
712 1186 791 1260 θυμὸς
803 1184 868 1243 ἀλλο
878 1190 940 1264 πῦρ,

106 1308 116 1335 ι
140 1280 194 1339 καί
220 1273 339 1345 ίστιτὴν
355 1273 403 1350 μὲν
424 1274 500 1355 φύσιν
530 1273 726 1345 ἐναντιώτατον,
754 1271 802 1344 τὴν
828 1272 855 1330 δὲ
881 1272 940 1352 βίαν

135 1366 250 1442 ὅμοιον.
295 1363 327 1423 Ὁ
347 1360 395 1438 μέν
413 1360 464 1442 γάρ
479 1361 618 1440 παροξύνει
634 1369 729 1437 μισεῖν,
741 1364 755 1417 ὁ
767 1360 789 1419 δ’
800 1361 941 1438 ἀναγκάζει

136 1459 250 1536 φιλεῖν·
261 1453 308 1511 καί
323 1451 446 1522 ἀλλήλων
466 1450 589 1530 πάροικος
604 1455 620 1521 ἡ
633 1457 678 1508 τοῦ
690 1449 770 1528 πυρός
784 1451 840 1508 ἐστι
854 1449 939 1526 πηγή.

134 1546 182 1604 ‘0
194 1545 244 1619 μὶν
256 1541 309 1620 γάρ
320 1543 356 1606 εἰς
366 1540 396 1598 τὸ
409 1532 485 1619 ἧπαρ
498 1538 628 1610 κάθηται,
642 1543 656 1596 ὁ
671 1538 698 1597 δὲ
715 1563 748 1616 τῃ
761 1540 855 1618 καρδία
870 1562 943 1618 περι·

132 1631 285 1711 μαίνεται.
299 1627 388 1688 Ὅταν
398 1617 443 1685 οῦν
454 1627 534 1706 ἀμφω
544 1627 588 1684 τὸν
604 1626 738 1707 ἄνθρωπον
749 1625 939 1702 καταλάὸωσι,

132 1722 251 1799 γίνεται
262 1716 311 1795 μὲν
324 1718 411 1783 αὐτοῖς
420 1720 438 1786 ἡ
446 1714 519 1796 ιφυχὴ
529 1716 659 1795 τρυτάνη,
672 1715 702 1773 τὸ
714 1715 740 1773 δὲ
753 1720 805 1795 πῦρ
817 1714 941 1792 ἐκατέρου

136 1806 352 1868 ταλαντεύεται.
396 1804 539 1884 Μάχονται
562 1806 584 1863 δ’
600 1803 680 1881 ἄμφω
698 1804 822 1883 περὶτῆς
846 1806 940 1883 ῥοπῆς·

136 1898 198 1956 καὶ
208 1895 243 1955 ri
253 1893 342 1953 nolti
354 1893 401 1970 μὲν
414 1897 427 1951 δ
441 1893 503 1970 ἔρως
516 1892 590 1950 είωθε
602 1902 684 1962 νικᾶν,
700 1894 761 1949 ὅταν
774 1895 808 1958 εἰς
821 1892 869 1963 τὴν
884 1894 941 1949 ἐπι·

144 1985 248 2061 θυρίον
276 1985 387 2060 εὐτυχῇ·
414 1981 445 2051 ἢν
466 1984 487 2038 δ’
504 1981 581 2039 αὐτὸν
605 1981 722 2058 ἀτιμάσῃ
742 1982 773 2038 τὸ
798 1980 939 2059 ἐρώμενον,

144 2074 231 2140 αὐτὸς
251 2072 297 2130 τὸν
314 2070 394 2146 θυμὸν
415 2072 450 2134 εἷς
465 2069 620 2148 συμμαχίαν
641 2072 727 2127 καλεῖ.
773 2071 898 2134 Κάκεῖνος
907 2072 942 2135 ὡς

106 2180 132 2217 ιιι
146 2163 246 2238 γείτων
259 2159 398 2233 πείθεται,
419 2159 465 2216 καί
480 2159 639 2216 ἀνάπτουσιν
655 2157 736 2238 ἄμφω
748 2157 778 2215 τὸ
787 2163 852 2237 πῦρ.
894 2155 941 2216 Ἂν

151 2253 177 2307 δ’
198 2251 299 2315 drucio
321 2247 399 2323 θυμὸς
414 2247 457 2304 τὸν
478 2245 562 2326 ἔρωτα
581 2250 644 2326 παρ’
661 2249 731 2326 αὑτῷ
753 2244 822 2321 taliq
842 2245 944 2316 καὶτῆς

155 2341 251 2404 οἰκείας
259 2336 336 2417 έδρας
348 2334 492 2394 ἐκπεσόντα
500 2335 634 2414 κατάσχῃ,
650 2335 725 2415 φύσει
734 2335 788 2414 [τε]
799 2332 834 2392 ὢν
846 2335 942 2392 άσπον·

160 2428 207 2498 δος,
218 2429 268 2504 οὐχ
287 2429 322 2492 ὡς
337 2426 405 2504 quiq)
418 2425 482 2500 πρὸς
499 2424 546 2494 τὴν
559 2427 698 2500 ἐπιθυμίαν
713 2432 868 2501 συμμαχεῖ,
886 2425 944 2480 ἀλλ’

161 2519 190 2583 irs
200 2518 291 2575 δοῦλον
300 2518 348 2583 τῆς
360 2513 497 2588 ἐπιθυμίας
507 2511 623 2582 πεδήσας
632 2513 735 2591 κρατεῖ.
777 2514 835 2571 Οὐκ
846 2509 945 2587 ἐπιτρέ-

136 2608 231 2663 aaut·
246 2606 320 2682 αὐτῷ
339 2602 497 2660 σπείσασθαι
519 2601 583 2680 πρὸς
604 2601 633 2659 ri
652 2601 792 2682 ἐρώμενον,
807 2599 857 2658 κᾶν
874 2600 944 2676 θέλῃ.

165 2691 191 2753 ‘0
202 2694 228 2751 δὲ
243 2695 282 2773 τῷ
294 2694 370 2770 θυμῷ
384 2690 592 2768 βεόαπτισμένος
605 2688 778 2759 καταδύεται,
792 2686 837 2744 καί
849 2690 884 2752 είς
898 2687 945 2757 riu

166 2782 224 2840 ίδίαν
240 2779 327 2860 ἀρχὴν
344 2780 493 2849 ἐκπηδῆσαι
505 2777 599 2855 θέλων,
620 2776 706 2834 οὐκέτι
721 2775 791 2834 ἐστίν
801 2776 945 2852 ἐλεύθερος,

166 2870 225 2928 tili
240 2869 329 2946 μισεῖν
345 2869 520 2944 ἀναγκάζεται
541 2866 571 2924 τὸ
590 2866 754 2946 φιλούμενον.
796 2863 881 2923 Ὅταν
897 2865 946 2920 δ’ὁ

165 2957 235 3033 θυμὸς
247 2955 390 3035 καχλάζων
401 2958 529 3032 γεμισθῇ,
544 2952 590 3011 καί
605 2958 650 3024 τῆς
666 2952 781 3021 ἐξουσίας
794 2954 947 3030 ἑμφορηθεις

141 3045 313 3124 θάπσόλίισῃ,
328 3044 423 3119 κάμνει
440 3043 486 3119 μὲν
502 3045 531 3099 ἐκ
545 3048 589 3100 τοῦ
602 3042 695 3120 κόρου,
708 3039 800 3117 καμὼν
817 3039 844 3096 δὲ
855 3039 947 3117 παρίε-

164 3157 214 3206 ται,
237 3134 284 3192 καί
307 3136 321 3191 ὁ
338 3132 402 3214 ἔρως
418 3129 545 3208 ἀμύνεται
560 3130 605 3187 καὶ
623 3130 723 3197 ὁπλίζει
737 3128 783 3198 τὴν
807 3127 946 3203 ἐπιθυμίαν

165 3222 260 3281 καὶτὸν
284 3220 367 3298 θυμθν
391 3220 443 3293 ἤδη
458 3221 617 3278 καθεύδοντα
630 3227 701 3297 νικᾷ.
743 3215 831 3297 Ὁρῶν
854 3215 880 3273 δὲ
902 3213 948 3280 τδις

165 3311 259 3394 θόρεις,
274 3309 306 3377 ἀς
315 3310 386 3369 κατά
398 3313 451 3369 τῶν
461 3308 593 3389 φιλτάτων
609 3304 789 3389 ἐπαρῴνησεν,
807 3307 890 3379 ἀλγεῖ,
902 3304 947 3362 καὶ

125 3469 129 3484 Ι
166 3401 221 3479 πρὸς
229 3401 260 3458 τὸ
272 3398 403 3478 ἐρώμενον
417 3401 598 3475 ἀπολογεῖται,
609 3398 655 3454 καί
665 3399 700 3462 εἰς
710 3395 815 3472 ὁμιλίαν
825 3416 947 3471 παρακα·

143 3490 216 3560 elsi,
227 3490 273 3548 καί
284 3487 329 3545 τὸν
339 3488 420 3561 θυμὸν
434 3485 624 3562 ἐπαγγέλλεται
633 3485 847 3561 καταμαλάττειν
857 3483 946 3560 ἡδονῇ.

170 3574 256 3656 Τυχὼν
271 3575 319 3652 μὲν
342 3565 386 3631 οῦν
402 3566 438 3631 ιῖιν
461 3572 598 3644 ἠθέλησεν,
621 3571 696 3638 ἵλεως
708 3573 822 3648 γίνεται·
839 3568 948 3645 ἀτιμού-

175 3666 274 3736 macti
286 3664 367 3722 πάλιν
387 3665 421 3727 εἰς
433 3661 475 3720 τὸν
497 3661 577 3735 θυμὸν
592 3661 761 3719 καταδύεται.
808 3658 841 3718 Ὁ
857 3660 883 3715 δὲ
898 3682 947 3716 κα-

175 3753 255 3811 latinu
279 3751 434 3831 ἐξεγείρεται
465 3750 510 3808 καὶ
539 3749 571 3807 τὰ
594 3750 693 3828 ἀρχαῖα
726 3755 803 3806 ποιεῖ,
846 3746 949 3826 Ἀτιμίορ

179 3838 219 3917 rip
228 3842 319 3919 ίρωτος
333 3838 474 3917 σόμμαχός
491 3841 546 3896 ἐστι
558 3838 647 3914 θυμός.

157 3936 175 3977 ll
212 3928 249 3988 ii'.
260 3930 334 3989 Καῖθ
346 3929 511 4007 Θέρσανδρος
522 3917 610 3998 cinci
620 3930 667 4001 μὲν
676 3928 778 4003 πρῶτον
792 3923 902 3991 ἐλπίζων
913 3925 949 3989 εἷς

185 4012 217 4070 tir
226 4015 303 4095 ἔρωτα
315 4016 481 4095 εὖτυχήσειν,
494 4016 554 4082 ὅλος
565 4014 720 4085 Λευκίππης
729 4015 817 4078 δοῦλος
828 4003 868 4083 ip·
884 4014 949 4069 ἀτυ-

188 4101 252 4177 χήσας
261 4094 325 4164 δίῦν
333 4105 455 4176 ἤλπισεν,
467 4108 552 4184 ἀφῆκε
566 4107 602 4179 τῷ
615 4105 689 4179 θυμῷ
699 4100 745 4167 τάς
758 4101 839 4170 ἡνίας.
884 4099 950 4158 Ῥα-

191 4187 277 4264 *ίίθδὴ
288 4193 357 4254 κατά
366 4194 462 4273 κόρρης
474 4192 566 4262 αὐτὴν,
581 4181 621 4249 Ὦ
639 4189 800 4265 κακόδαιμον
817 4187 945 4267 ἀνδράπο·

192 4273 330 4360 lentipes,
353 4280 398 4340 καί
423 4284 526 4352 ἀληθῶς
547 4282 675 4357 ε’ρωτιῶν·
702 4277 806 4335 πάντων
827 4277 878 4354 γάρ
903 4298 950 4334 σου

168 4365 323 4434 “teimau
366 4371 425 4429 Οὐκ
439 4372 544 4450 ἀγαπᾷς
555 4366 700 4425 dulcorasti
713 4368 801 4436 taliq
811 4365 857 4422 καί
869 4363 950 4440 μεγά-
972 4384 973 4395 ’

106 4520 108 4527 ,
195 4446 347 4536 iareim-ptos
368 4459 464 4529 δοκεῖς,
478 4457 522 4514 τδν
544 4455 589 4514 οδν
610 4456 788 4534 καταφιλῆσαι
810 4451 951 4522 δεσπότην·
972 4504 974 4521 ,

106 4534 109 4581 Ι
197 4536 393 4624 ῖλλθκαίάκκίζῃ
412 4545 458 4602 καὶ
477 4544 628 4624 σχηματίζῃ
643 4544 707 4620 πρὸς
721 4541 860 4611 ἀπόνοιαν;
880 4538 951 4613 Ἐγὼ

198 4623 260 4692 θέειν
273 4635 314 4691 καὶ
335 4638 527 4712 πεπορνεῦσθαι
543 4634 621 4691 δοκῶ.
667 4630 721 4690 Καὶ
740 4629 790 4707 γάρ
804 4626 895 4706 μοιχόν
909 4650 952 4706 φι-

113 4734 116 4739 ’
198 4707 241 4778 >riq
273 4720 338 4780 ‘ati'
362 4722 452 4792 irretiri,
464 4721 501 4797 μὴ
520 4720 600 4786 θέλεις
617 4722 728 4797 ἐραστοῦ
744 4741 793 4793 μου
803 4725 894 4795 πεῖραν
905 4717 952 4773 λα·

171 4795 245 4875 atii,
263 4811 370 4888 πειράσῃ
400 4810 539 4869 δεσπότου.
587 4808 641 4867 Καὶ
663 4812 679 4878 ἡ
706 4806 864 4876 Λευκίππη,
893 4803 952 4864 Κάν

199 4905 300 4963 θθεννεῖν
309 4900 413 4975 ἐθέλῃς,
425 4896 499 4975 κάγὼ
515 4901 713 4974 τυραννεῖσθαι,
728 4894 797 4964 πλὴν
814 4896 842 4951 οὗ
860 4894 950 4971 βιάσῃ.
974 4928 975 4959 3

201 4970 299 5062 iaiapiq
308 4986 352 5044 τὀν
364 4986 504 5056 Σωσθένην
514 4986 617 5061 ἰδοῦσα,
626 4983 814 5063 Μαρτόρησον,
825 4970 896 5037 εἶπεν
908 4983 953 5036 αὖ·

200 5060 232 5139 iii
242 5074 288 5139 πῶς
297 5076 360 5155 πρὸς
372 5073 419 5140 τάς
430 5073 515 5139 αἰκίας
528 5073 591 5151 ἔχω.
636 5070 674 5130 Σὺ
686 5071 737 5150 γάρ
749 5094 781 5146 με
793 5068 838 5127 καὶ
851 5070 953 5143 μᾶλλον
975 5102 976 5124 ;

200 5148 304 5231 ‘dianam
346 5166 427 5224 licta
445 5162 582 5231 Σωσθένης
598 5160 743 5240 αἰσχυνθείς
760 5163 793 5225 inc
808 5156 953 5234 ἐληλεγμέ·
974 5218 977 5224 ,

1713 366 1766 416 103

984 493 1091 555 cogebat.
1125 493 1232 542 Tandem
1246 506 1302 541 cum
1311 494 1361 542 sire
1373 495 1504 553 essee-ritus,
1516 494 1566 541 sive
1576 505 1633 551 nou,
1645 506 1687 540 seu
1696 495 1768 543 etiam

984 581 1098 641 delemus,
1112 582 1160 630 vim
1173 581 1259 630 alierre
1271 581 1387 639 desiisset,
1398 581 1518 643 Leucippe
1529 582 1558 628 ad
1571 594 1636 635 enm.
1647 584 1730 642 Neque
1743 584 1771 630 ut

985 669 1097 729 liberum,
1112 669 1199 731 inquit,
1214 681 1293 730 neque
1309 672 1337 717 nt
1347 681 1489 729 generosum
1500 669 1578 716 virum
1598 668 1675 729 decet,
1693 670 1768 717 lacis:
1842 656 1847 665 ’

984 758 1026 805 sed
1039 757 1180 806 sosthenem
1190 756 1240 819 ipsa
1251 768 1348 819 qnoque
1358 755 1466 814 imitaris,
1482 756 1580 816 dignum
1591 756 1660 818 plane
1673 757 1771 806 dominu

984 859 1090 895 seruum.
1119 849 1200 902 Quare
1209 845 1291 895 desine
1295 845 1356 906 jam,
1367 857 1445 906 neque
1455 847 1479 892 te
1487 845 1617 906 quicquam
1625 846 1770 907 adepturum

984 947 1062 996 spera,
1072 933 1116 983 nisi
1128 934 1188 983 lorte
1203 933 1227 982 iu
1241 932 1421 995 clitoplaontem
1434 932 1592 981 convertaris.

1016 1025 1080 1071 xlx.
1096 1025 1156 1079 Qum
1168 1035 1224 1070 cum
1236 1015 1275 1070 ille
1281 1019 1424 1079 audivisset,
1435 1021 1475 1068 vix
1486 1021 1530 1069 sibi
1542 1021 1593 1081 ipse
1602 1021 1708 1069 constitit
1720 1041 1725 1069 :
1739 1023 1773 1069 ita

985 1123 1067 1159 amore
1079 1112 1154 1171 atque
1171 1110 1206 1158 ira
1228 1110 1356 1158 aestuabat.
1392 1115 1466 1159 Amor
1481 1112 1562 1158 autern
1574 1111 1648 1171 atque
1662 1110 1696 1158 ira
1711 1109 1775 1158 laces

986 1198 1059 1246 animi
1072 1197 1127 1246 duae
1138 1200 1211 1246 sunt:
1224 1211 1295 1246 saarim
1314 1198 1378 1246 enim
1397 1197 1432 1245 ira
1448 1199 1526 1258 igrrem
1538 1198 1619 1259 tranet,
1633 1199 1709 1246 amori
1722 1192 1774 1259 qui-

961 1266 964 1323 ι
986 1287 1041 1336 dem
1059 1289 1146 1335 natura
1161 1285 1320 1345 contrarium,
1337 1286 1443 1348 potentia
1453 1299 1510 1334 vero
1525 1285 1677 1348 persimilem.
1712 1289 1772 1335 Nam

962 1344 964 1449 ί
986 1376 1062 1423 altera
1083 1374 1153 1434 odio,
1172 1374 1233 1424 alter
1254 1374 1421 1424 benevolentia
1441 1374 1553 1436 prosequi
1575 1374 1646 1436 cogit.
1689 1376 1773 1423 Vicina

962 1464 965 1556 ’γ
986 1464 1058 1512 eliam
1074 1463 1200 1546 utriusque
1216 1476 1300 1512 eorum
1316 1463 1408 1511 ardoris
1420 1463 1488 1512 sedes
1501 1467 1556 1511 est:
1576 1464 1616 1512 ille
1628 1464 1690 1513 eninr
1702 1465 1725 1512 in
1736 1465 1773 1524 je-

963 1574 965 1605 ι
987 1565 1050 1613 core,
1067 1553 1107 1600 lric
1119 1552 1144 1601 in
1157 1551 1230 1601 corde
1246 1552 1372 1600 inhabitat.
1407 1553 1534 1601 Hominem
1554 1553 1625 1614 igitur
1636 1553 1773 1602 ambacum

987 1641 1170 1704 occupaverint,
1181 1640 1278 1690 animus
1287 1640 1339 1702 ejus
1349 1640 1409 1689 libra
1417 1640 1529 1703 quadam
1543 1640 1578 1699 lit,
1592 1655 1640 1702 qua
1649 1642 1775 1704 utriusque

963 1745 965 1809 γ
987 1729 1046 1790 ignis
1060 1728 1212 1791 expenditur.
1247 1731 1326 1791 Atque
1336 1728 1398 1777 alter
1410 1730 1513 1778 alterum
1527 1728 1650 1790 impellere
1660 1733 1772 1777 conatur.

963 1816 965 1877 l
988 1818 1132 1879 Plerumque
1143 1820 1226 1866 areton
1236 1830 1305 1865 amor
1314 1817 1422 1878 superior
1434 1817 1528 1876 evadit,
1540 1830 1597 1866 cum
1607 1818 1698 1867 scilicet
1708 1818 1774 1880 qnod

987 1907 1150 1968 concupierat,
1165 1905 1313 1968 attipiscitur.
1345 1906 1387 1955 Sin
1396 1908 1478 1954 antem
1489 1905 1575 1967 negligi
1590 1919 1615 1954 se
1625 1906 1776 1955 animadver-

987 1999 1032 2056 tat,
1048 1997 1107 2044 iram
1116 1995 1160 2044 albi
1173 1994 1263 2043 auxilio
1277 1994 1380 2043 advocat
1394 2007 1466 2056 :quae
1479 1996 1563 2056 utpote
1574 1994 1661 2052 uicina,
1677 1997 1774 2043 vocanti

988 2086 1076 2145 praesto
1088 2083 1165 2144 adest,
1176 2096 1272 2145 unaque
1280 2087 1332 2131 tum
1342 2082 1414 2131 ambo
1424 2083 1502 2142 ignem
1512 2082 1669 2131 exsuscitant.
1704 2082 1774 2140 Quod

964 2156 967 2251 γ
987 2175 1006 2223 si
1020 2186 1128 2222 amorem
1143 2175 1177 2221 ira
1191 2173 1262 2221 semrd
1282 2171 1314 2220 ad
1328 2185 1353 2219 sc
1368 2171 1480 2229 traxerit,
1492 2185 1520 2219 nc
1536 2171 1609 2218 domo
1625 2184 1677 2232 arra,
1691 2173 1719 2219 ut
1734 2184 1774 2219 ua·

964 2258 967 2273 '
989 2265 1044 2311 tura
1054 2261 1127 2310 insuda
1143 2264 1191 2322 cst,
1203 2262 1307 2322 ejectum
1319 2260 1455 2319 retinuerit,
1475 2273 1522 2307 non
1535 2259 1556 2306 ei
1568 2261 1683 2320 tanquam
1697 2259 1776 2307 aurien

964 2344 967 2423 ζ
989 2351 1019 2399 ad
1033 2348 1180 2412 assequenda
1188 2351 1271 2411 optata
1280 2361 1350 2411 opem
1367 2347 1422 2408 lert,
1432 2347 1473 2396 sed
1488 2351 1605 2409 tanquam
1616 2360 1713 2396 serrum
1730 2362 1775 2396 cn-

965 2426 967 2430 ’
990 2438 1097 2502 piditatis
1109 2438 1213 2487 rincutis
1233 2438 1347 2486 coercet:
1365 2449 1443 2497 neque
1459 2448 1515 2484 cum
1539 2438 1619 2485 amato
1633 2435 1737 2497 amplius
1751 2436 1775 2484 in

965 2506 968 2587 i
989 2534 1101 2596 gratiam,
1114 2533 1210 2582 tametsi
1220 2531 1400 2591 mmmcmlii,
1413 2529 1490 2578 redire
1505 2529 1604 2591 patitur.
1638 2529 1736 2589 Quodt,
1750 2534 1777 2576 ut

966 2670 968 2687 2
990 2630 1015 2677 ui
1025 2627 1161 2689 hrrjusmodi
1174 2640 1302 2689 oppressus
1315 2638 1383 2673 auror
1397 2623 1549 2683 succumbat,
1565 2623 1737 2685 propriumque
1746 2622 1777 2670 ad

966 2694 969 2765 ί
990 2721 1117 2784 imperium
1134 2721 1220 2768 reverti
1241 2719 1339 2781 cupiens
1362 2717 1461 2766 minime
1488 2716 1576 2778 possit,
1601 2716 1644 2765 aed
1669 2720 1777 2765 amatum

967 2830 969 2835 ⁴
991 2813 1069 2862 odisse
1088 2812 1254 2874 compeliatur.
1300 2816 1331 2860 nt
1352 2823 1423 2871 vero,
1449 2809 1489 2858 ubi
1515 2810 1573 2859 satis
1594 2823 1714 2873 superque
1743 2810 1778 2858 ira

924 2949 930 2970 ,
991 2903 1297 2967 elierruerit,licentiaeqne
1318 2903 1387 2964 plena
1406 2904 1579 2963 extrudarerit,
1602 2917 1651 2964 prm
1666 2904 1778 2951 satietate

991 2996 1089 3046 tandem
1100 2997 1223 3057 aegrescit,
1244 3008 1423 3057 aegrescensque
1435 2996 1575 3044 remittitur.
1609 3002 1684 3045 Amor
1697 2999 1778 3043 erilem

992 3091 1054 3149 vires
1068 3090 1148 3139 denuo
1170 3089 1258 3149 sumit,
1277 3088 1471 3150 desideriumque
1490 3092 1514 3138 in
1534 3090 1610 3137 aciem
1626 3089 1778 3151 producens,

968 3214 970 3245 ς
992 3187 1052 3235 iram
1062 3186 1113 3246 jam
1124 3184 1248 3233 cedentem
1261 3186 1317 3236 sede
1332 3201 1375 3238 sna
1390 3183 1518 3238 exturbat:
1538 3182 1592 3232 dein
1612 3184 1692 3231 aniano
1706 3197 1778 3245 repn-

992 3285 1045 3331 tans
1068 3295 1140 3344 quam
1163 3281 1336 3331 contumeliose
1358 3282 1383 3330 in
1405 3280 1513 3328 amatum
1536 3277 1670 3326 bacclrnlus
1695 3278 1778 3337 iurarit,

993 3380 1093 3438 moeret,
1104 3389 1133 3425 ac
1145 3389 1195 3425 sese
1207 3379 1301 3438 purgat,
1316 3376 1454 3437 iterumque
1473 3374 1503 3422 ad
1516 3373 1703 3422 familiaritatem
1718 3373 1780 3425 inui-

969 3490 971 3507 2
993 3474 1037 3532 tat,
1048 3472 1107 3519 iram
1120 3471 1245 3533 unlarptate
1258 3484 1284 3520 se
1296 3470 1396 3519 delinire
1410 3468 1541 3518 affirmans.
1575 3470 1632 3516 Voti
1645 3481 1701 3527 erpa
1715 3481 1780 3516 com-

994 3580 1037 3628 pos
1051 3580 1120 3615 narrar
1132 3565 1249 3624 mitescit,
1263 3565 1386 3626 neglectus
1397 3566 1478 3612 antem
1496 3563 1538 3611 irae
1552 3576 1578 3612 se
1589 3563 1688 3612 arbitrio
1700 3566 1779 3612 tntum

994 3661 1119 3725 permittit.
1153 3664 1214 3719 Qum
1223 3661 1242 3708 si
1254 3661 1314 3708 torte
1324 3659 1403 3720 sopita
1416 3658 1504 3718 irreril,
1519 3658 1649 3718 excitatur,
1662 3662 1744 3719 atque,
1754 3661 1781 3704 ul

970 3794 972 3825 ,
993 3762 1071 3811 antea.
1084 3757 1162 3806 saevit.
1197 3755 1293 3805 Amoris
1307 3755 1372 3803 enim
1382 3755 1548 3814 contemptum
1561 3753 1595 3800 ira
1605 3765 1699 3813 semper
1719 3750 1781 3799 ulci-

970 3854 972 3889 ἰ
994 3848 1077 3896 scitur.

970 3980 972 3990 .
1026 3938 1077 3985 xx.
1092 3932 1243 3983 'lirersander
1253 3932 1333 3994 igitur,
1342 3931 1409 3979 initio
1424 3930 1473 3977 voti
1485 3928 1582 3990 quidem
1596 3933 1733 3989 compotem
1747 3929 1782 3976 lu-

971 4003 972 4019 *
995 4019 1078 4064 lurum
1088 4025 1114 4060 se
1123 4016 1200 4069 ratus,
1214 4009 1341 4070 Leucippus
1355 4009 1435 4055 tntum
1448 4020 1473 4055 se
1486 4005 1609 4054 dediderat
1623 4020 1629 4053 ε
1646 4018 1731 4053 verram
1741 4006 1780 4054 arbi

995 4106 1037 4154 spe
1050 4092 1159 4143 lrnstrari
1168 4104 1194 4138 se
1204 4085 1384 4141 animaduertit,
1395 4085 1436 4133 irre
1452 4084 1519 4132 irena
1536 4083 1627 4131 remisit
1642 4084 1666 4130 et.
1678 4080 1781 4143 pueliam

996 4169 1131 4218 inmaxitla
1150 4165 1280 4230 percussit,
1304 4162 1465 4224 llinucipium,
1488 4160 1611 4223 iuquiens,
1635 4158 1782 4219 improbum,

995 4251 1066 4309 alque
1085 4247 1149 4296 omni
1168 4255 1266 4305 prorsus
1285 4240 1382 4290 libidine
1402 4240 1503 4299 elatum,
1523 4238 1604 4285 omnia
1627 4235 1690 4282 enim
1710 4233 1739 4281 de
1760 4236 1783 4281 te

972 4351 973 4373 r
996 4323 1054 4371 uailri
1071 4325 1194 4384 comperta
1211 4321 1276 4368 sunl.
1311 4324 1347 4365 An
1359 4314 1553 4375 uonipiturlroni
1567 4312 1682 4369 consulis,
1694 4323 1732 4356 mc
1744 4311 1781 4355 te-

995 4412 1051 4447 cum
1065 4398 1146 4461 toqui?
1161 4410 1192 4444 an
1201 4408 1249 4444 nnn
1264 4405 1376 4453 magnam
1392 4391 1529 4439 felicitatem
1547 4386 1678 4437 arbitraris,
1697 4385 1781 4431 lterum

996 4480 1065 4526 turam
1080 4474 1200 4526 suauiari?
1214 4473 1278 4530 Quin
1292 4469 1379 4528 etiarn,
1390 4468 1456 4530 quod
1475 4480 1547 4529 opera
1560 4465 1666 4513 mnxiruo
1679 4460 1780 4522 expetis,

996 4555 1148 4604 dissimulas:
1164 4551 1307 4610 uultumque
1320 4547 1350 4595 ad
1365 4544 1553 4606 desperationem
1569 4537 1702 4599 conrponis.
1736 4536 1781 4584 Sed

996 4645 1041 4693 ego
1070 4634 1095 4680 te
1112 4627 1272 4678 meretriciam
1292 4624 1368 4673 uitam
1384 4624 1500 4670 tractemus
1521 4618 1618 4666 duxisse
1639 4627 1703 4671 reor,
1727 4625 1782 4672 qum

997 4706 1133 4755 adulterum
1146 4717 1219 4752 ames.
1255 4703 1284 4750 at
1303 4704 1328 4749 tu
1342 4697 1439 4762 quando
1454 4694 1558 4744 amicum
1579 4692 1683 4750 recipere
1693 4700 1732 4736 me
1742 4700 1784 4735 ne·

997 4797 1047 4845 gas,
1063 4782 1188 4830 dominnm
1196 4779 1296 4840 jamjam
1312 4777 1368 4825 laxo
1379 4778 1405 4823 ut
1417 4771 1547 4834 experiare.
1580 4771 1643 4817 Tum
1655 4767 1783 4826 Leucippe,

997 4860 1021 4910 si
1033 4864 1173 4922 tyrannum,
1187 4857 1274 4918 inquii,
1286 4855 1410 4912 attingere
1423 4848 1488 4898 cordi
1498 4848 1544 4906 est,
1553 4848 1579 4894 ut
1591 4847 1685 4907 potero,
1699 4844 1782 4901 lerunt,

999 4934 1069 4983 modo
1081 4946 1111 4981 ue
1120 4932 1260 4994 pudicitiam
1272 4928 1366 4989 eripias.
1400 4921 1515 4984 arqncad
1527 4919 1668 4969 Snsttrenem
1681 4931 1784 4966 corruer-

998 5025 1033 5066 sa,
1041 5012 1138 5066 testare,
1147 5009 1233 5068 inquit,
1245 5005 1317 5054 etiam
1331 5005 1367 5060 tn,
1379 4997 1516 5061 quoanimo
1526 4993 1684 5044 contumelias
1694 4994 1782 5040 lernau:

998 5088 1045 5135 scis
1058 5084 1136 5143 enim,
1154 5083 1244 5143 inaniore
1267 5083 1323 5127 ate
1344 5072 1490 5126 contumelia
1513 5086 1552 5122 rue
1569 5072 1682 5120 allectam
1702 5069 1782 5117 titisse.

999 5166 1061 5211 Tum
1072 5173 1129 5209 vero
1143 5157 1281 5210 sosthenes,
1300 5157 1327 5202 ut
1339 5153 1380 5216 qui
1397 5150 1525 5200 mnuilesto
1540 5148 1563 5196 iu
1575 5160 1640 5195 noxa
1651 5144 1701 5206 jam
1715 5148 1784 5192 tene-
