3726 5692
825 286 1043 344 canarno.
1590 309 1607 352 v

316 415 340 483 l.
352 454 400 465 -
411 438 518 509 2907,
534 413 753 502 chartaceus,
768 415 882 485 forma
894 432 1033 512 quarta,
1051 419 1180 488 saecuto
1191 424 1255 489 XV
1265 436 1426 489 exaratus
1438 422 1605 512 tminirne

267 552 388 608 autem
403 541 497 625 XVI,
510 537 611 632 quod
620 540 747 608 asserit
762 538 944 634 catalogus
958 541 1038 610 cod.
1051 566 1133 610 mss.
1150 542 1239 615 sstbt.
1256 544 1350 638 reg.)
1364 558 1400 614 et
1414 560 1508 614 notae
1517 546 1604 615 satis

266 662 382 732 honae.

315 791 355 856 K.
375 829 422 838 —
445 787 537 882 2897
561 786 669 882 (Cod.
690 765 1113 879 Telleriano-Remensis,
1136 793 1218 886 49),
1236 790 1461 880 chartaceus,
1480 792 1603 864 formae

265 913 440 1001 maximoe,
456 910 586 981 saeculo
602 914 681 982 XVI
699 912 868 1008 scriptus
891 918 933 983 In
952 913 1069 985 fronte
1085 914 1215 1010 legitur
1230 941 1239 983 ι
1260 945 1277 979 α
1292 920 1345 986 De
1360 917 1530 988 Vaticana
1545 920 1602 988 Bi·

263 1035 446 1108 bliotheca
460 1036 629 1133 descripti
644 1060 685 1106 ex
700 1037 891 1106 recentiori
905 1037 1100 1135 exemplari
1110 1053 1146 1110 et
1159 1063 1244 1109 cum
1254 1041 1515 1137 pervetustiore
1533 1043 1604 1111 col·

263 1160 325 1232 lati
344 1186 455 1258 quam
481 1160 759 1257 diligentissime.
786 1193 802 1227 a
831 1164 902 1248 Qui
938 1164 1117 1234 recentior
1150 1165 1345 1235 Vaticanus
1373 1164 1517 1253 dicitur,
1549 1182 1602 1237 est

261 1286 521 1382 C32quiautem
542 1286 737 1373 vetustior,
765 1294 805 1358 A.
827 1329 876 1340 —
912 1287 1026 1383 Hujus
1051 1286 1186 1358 codicis
1211 1287 1385 1359 lectiones
1410 1290 1602 1385 saepissime

260 1427 524 1482 commemorat
536 1412 791 1485 Boissonadius
809 1439 844 1482 v.
869 1413 913 1484 cl.
932 1414 970 1482 in
996 1411 1213 1483 doctissimis
1232 1411 1411 1483 librorum
1431 1438 1452 1483 a
1469 1438 1506 1483 se
1523 1414 1600 1483 edi·

263 1551 383 1606 torum
399 1536 683 1608 commentariis.

308 1663 345 1729 L.
360 1702 409 1712 —
432 1657 544 1758 2895,
570 1662 802 1750 chartaceus,
825 1660 941 1731 forma
967 1660 1141 1748 maxima,
1160 1659 1290 1731 saecuio
1314 1662 1394 1732 XVI
1422 1677 1599 1749 exaratus,

260 1806 369 1877 quem
389 1784 484 1854 inter
503 1784 717 1855 Parisienses
737 1785 915 1880 optimum
943 1782 1102 1854 declarat
1117 1787 1283 1853 Osannus
1296 1784 1308 1877 (
1320 1791 1424 1856 Λυσι.
1444 1788 1525 1855 Lem.
1543 1811 1596 1877 pr.

259 1933 296 2004 p.
326 1912 391 1994 14⁰
402 1909 428 2003 ),
445 1931 555 2004 quem
569 1932 655 1977 vero
672 1915 718 1996 A,
738 1912 818 1979 Get
832 1905 1171 2003 tlposthabendum
1189 1907 1354 1977 arbitror.

308 2039 355 2105 Μ.
374 2077 422 2086 -
443 2031 527 2121 583,
553 2033 789 2122 chartaceus,
810 2034 847 2102 in
872 2056 946 2129 quo
967 2033 1147 2128 permulta
1169 2032 1344 2129 opuscula
1368 2018 1600 2104 continentur

257 2188 335 2234 sac.
352 2167 430 2233 XVI
452 2178 488 2235 et
506 2165 603 2233 XVII
619 2178 761 2234 exarata
771 2179 807 2234 et
825 2162 871 2234 ab
887 2161 1031 2233 erudito
1046 2161 1207 2259 quodam
1222 2160 1266 2232 ad
1283 2187 1387 2232 usum
1402 2186 1511 2232 suum
1529 2163 1600 2233 col·

259 2286 370 2375 lecta,
386 2288 478 2357 inter
495 2312 575 2383 quae
591 2302 730 2358 exstant
747 2286 821 2357 duo
849 2286 1080 2357 Eumathiani
1095 2287 1214 2383 operis
1231 2286 1443 2380 fragmenta,
1464 2284 1598 2358 scilicet

258 2438 292 2511 p.
321 2413 387 2484 166
410 2429 446 2483 et
469 2414 532 2512 167
555 2440 637 2511 ¹quae
658 2416 694 2485 in
717 2414 860 2486 Gaulm.
883 2414 970 2484 edit.
990 2427 1189 2484 occurrunt
1206 2437 1226 2483 a
1242 2438 1277 2509 p.
1301 2411 1389 2499 213,
1406 2413 1430 2483 l.
1457 2438 1519 2511 19,
1542 2413 1597 2482 ἄν·

256 2544 365 2637 θρακας
384 2541 528 2634 εὑρίσνω,
550 2564 664 2636 usque
688 2539 733 2610 ad
755 2565 792 2636 p.
815 2538 899 2626 226,
916 2538 941 2608 l.
972 2565 1027 2635 17,
1047 2546 1100 2607 οὐκ
1119 2538 1253 2634 ἄκαιρον,
1275 2551 1309 2607 et
1336 2536 1368 2606 f⁰
1390 2536 1455 2608 168
1472 2553 1506 2608 et
1533 2539 1598 2636 169

257 2689 337 2761 quae
358 2690 429 2761 ap.
446 2690 483 2761 9,
503 2665 525 2733 l.
554 2690 615 2761 17,
641 2669 732 2759 φρέαρ
755 2672 795 2744 ὡς
815 2668 856 2743 εἰς
878 2670 989 2759 πήχεις
1017 2688 1132 2758 usque
1153 2662 1199 2733 ad
1220 2689 1259 2759 p.
1281 2661 1342 2750 32,
1362 2663 1388 2733 l.
1412 2689 1447 2759 7,
1475 2665 1524 2733 ἐπὶ
1547 2669 1598 2733 τὸν

258 2799 346 2860 ὕπνον
361 2796 533 2885 ἐτράπημεν
552 2788 730 2883 leguntur.
1182 2774 1183 2778 Ἰ

305 2918 344 2983 Ν.
358 2956 406 2966 -
420 2913 545 3009 Suppl.
574 2909 653 3008 157,
674 2911 903 2998 chartaceus,
926 2909 1049 2979 formae
1064 2924 1216 3004 quartae,
1236 2910 1437 3006 descriptus
1457 2914 1593 2998 Romae,

256 3063 299 3110 ex
316 3040 488 3109 Vaticano
503 3040 631 3122 CXIV,
646 3061 665 3105 a
682 3040 820 3106 Joanne
843 3061 862 3104 a
886 3039 1013 3105 Sancta
1034 3037 1161 3103 Maura
1182 3034 1337 3129 Cyprio,
1353 3034 1506 3128 patricio
1535 3036 1593 3102 Ni·

257 3164 407 3235 cosiensi
421 3218 431 3252 ,
447 3188 481 3233 a.
504 3159 607 3258 1589.

305 3288 535 3380 O.-Suppl.
554 3286 637 3373 208,
653 3283 875 3370 chartaceus,
893 3279 1010 3352 forma
1025 3294 1154 3376 quarta
1169 3281 1323 3368 minore,
1341 3305 1361 3350 a
1378 3280 1513 3351 Jacoho
1532 3284 1594 3352 Se·

257 3415 355 3508 guier
379 3418 520 3499 Itomae,
542 3425 583 3480 ut
610 3407 772 3496 videtur,
799 3421 973 3477 exaratus.
1001 3405 1113 3500 Longi
1140 3403 1337 3476 Pastoralia
1370 3406 1531 3476 continet
1559 3421 1594 3475 et

259 3536 440 3608 Eumathii
458 3536 570 3605 libros
592 3536 676 3603 l-tv
692 3557 733 3602 ex
756 3531 932 3601 Vaticano
951 3534 977 3599 Α
999 3529 1210 3626 descriptos.

773 3776 1076 3845 MONACENSES.

305 3962 342 4026 P.
356 3999 403 4008 —
420 3958 542 4042 CXVI,
559 3954 782 4039 chartaceus,
796 3949 956 4039 in-solio,
974 3972 1051 4018 saec.
1068 3950 1160 4017 XVI.
1177 3945 1257 4016 Vid.
1275 3952 1348 4041 lgn.
1360 3945 1474 4016 Hardt
1491 3947 1595 4016 Catu·

256 4080 513 4172 [opuscodicum
526 4083 834 4173 inconscriptorum
849 4096 1038 4166 praecorum
1054 4072 1268 4142 Bibliothecae
1283 4072 1385 4163 regioe
1401 4069 1591 4156 Bavaricae,

257 4219 282 4274 t.
309 4209 324 4273 l
378 4198 390 4272 ⁸.
410 4201 493 4273 511.

305 4228 427 4412 (ip—
450 4325 600 4412 CCCCV,
618 4323 848 4413 chartaceus,
868 4319 1029 4409 in-sotio,
1056 4343 1130 4390 saec.
1162 4322 1236 4388 XV.
1269 4315 1348 4388 Vid.
1379 4317 1460 4386 ibid.
1493 4328 1518 4382 t.
1551 4317 1591 4401 V,

285 4450 392 4521 .250.
494 4483 496 4486 ·

257 4476 280 4546 p
304 4580 345 4645 R.
363 4617 411 4628 -
427 4578 618 4663 GCCCLX,
634 4575 875 4660 chartaceus,
889 4570 1055 4658 in·solio,
1074 4593 1151 4639 saec.
1172 4572 1248 4639 XV.
1274 4565 1356 4637 Vid.
1389 4565 1468 4633 ibid.
1494 4575 1519 4631 t.
1547 4564 1591 4648 V,

257 4727 289 4798 p.
309 4702 391 4787 432.

306 4912 514 4984 Cavendum
541 4925 593 4981 est
626 4923 747 4981 autem
774 4932 819 4979 ne
842 4908 969 4978 eadem
995 4904 1166 4976 omnihus
1193 4904 1268 4973 istis
1291 4897 1479 4970 codicibus
1505 4894 1593 4966 fides
