3726 5692
786 355 898 416 LlBER
924 359 973 416 tit.
1633 381 1687 430 163

60 487 153 565 θέρους
166 486 323 565 ἀρχομένου,
337 486 417 544 πάλιν
430 490 515 555 αὐτοῖς
528 491 642 566 ἐγίνοντο
654 493 743 548 καιναὶ
754 491 857 575 τέρψεις
903 519 973 554 norae
982 507 1121 568 aestivaeque
1130 508 1274 570 voluptates.
1308 511 1403 572 Quippe
1412 512 1510 561 natabat
1523 512 1692 576 ilteintturiis,

61 576 228 683 κεἰθέρειοι.
273 573 307 636 Ὁ
322 575 435 682 μὲνιγᾶρ
450 577 558 656 ἐνήχετο
573 580 599 635 ἓν
615 582 855 657 τοῖςπῠῖαμθῖέτῆ
902 605 1014 654 abluebat
1026 618 1052 654 se
1066 605 1106 654 illa
1126 606 1243 668 tontibus3
1262 608 1302 657 itte
1320 609 1400 658 tismla
1418 625 1473 658 cunr
1491 611 1552 673 pinis
1570 614 1693 676 certabat,

61 667 87 721 δ’
102 686 129 763 f*
141 687 201 728 ταις
216 672 314 770 'frmi‘
328 667 472 774 ἐιλῖιυιετΨιὸ
485 666 532 773 iffi*
547 665 661 771 ,ἐσύριζεν
676 667 857 779 ἇέῑλλξδίῇενοί
903 702 955 751 baec
964 705 1037 751 cantu
1047 716 1102 751 oum
1111 703 1217 752 tirociniis
1224 705 1392 755 contendebat,
1423 709 1692 760 Venabanturlooustas

61 774 131 830 προς
140 749 187 818 τὰς
200 775 286 822 ’τίως’
297 755 314 822 ἡ
326 751 340 808 δ
357 773 404 830 3¹⁰²
418 776 474 818 ταις
486 756 594 824 ‘'lew’‘
608 756 742 834 gpoem'
756 762 855 836 εθηθωί
902 795 1017 857 garrulas,
1027 796 1123 846 cicadas
1132 798 1257 860 capiebant
1267 803 1413 860 resonantes,
1425 800 1493 849 bores
1501 803 1620 863 tegebant,
1632 804 1693 854 truc·

34 850 49 888 ⁶
65 843 175 943 ἄκίιξας
192 841 308 949 λαλῗυς’
330 840 612 954 ἐιλαμὸανονιτέτῃῖας
628 846 771 954 ἠχοῗζτας’
791 846 855 955 ἄνθἾ
902 896 942 942 tus
952 893 1079 943 arboribus
1089 893 1256 954 decutiebam,
1272 909 1343 956 poma
1356 897 1527 957 mniertebant;
1537 901 1586 958 jam
1594 901 1691 949 tandem

66 946 214 1007 συνελεγον,
228 930 323 1008 δένδρα
335 952 429 1000 εσειον,
443 932 550 1009 όπωρας
561 935 663 1002 ησθιον·
676 954 727 1005 ηοη
738 933 800 991 ποτέ
812 958 857 992 και

64 1017 163 1095 γυαιιι
182 1017 425 1094 συιχάτικνιιησαν
445 1017 490 1076 και
511 1017 538 1076 ιι
560 1020 643 1098 δέρω
666 1021 737 1098 αιγιι
755 1022 856 1081 gum-
903 991 959 1038 uuili
979 993 1143 1053 concubuere,
1164 997 1237 1057 atque
1254 1009 1302 1043 una
1317 1009 1395 1056 caprae
1410 998 1470 1059 pelle
1483 999 1575 1047 instrati
1588 1000 1692 1060 jacuere.

64 1126 156 1183 ρων.
206 1105 259 1164 Καὶ
281 1104 382 1179 ινιινιιο
404 1103 434 1162 ἂν
454 1105 518 1183 γυνὴ
545 1108 620 1178 mn
648 1110 754 1190 ῥᾳδίως,
777 1114 799 1169 ει
819 1110 856 1186 μὴ
903 1088 932 1133 tit
948 1085 1692 1155 rnuliertacilecbloiituissettaota,nisiDarqilminrsanguinis

61 1195 166 1273 Διιιννιν
188 1191 296 1272 χιχινιξι
316 1194 345 1250 ιν
366 1184 443 1270 ιιῖιιιιι
489 1195 592 1272 Ἀιιινχιι
614 1198 659 1255 ιιιιι
678 1198 798 1266 &pompm
818 1198 855 1275 μὴ
902 1180 1191 1243 cogitatioexterruisset.
1224 1187 1295 1234 certe
1315 1186 1420 1245 veritus,
1441 1200 1471 1234 ne
1488 1189 1548 1236 ratio
1562 1189 1691 1250 aliqnando

18 1296 46 1333 tu
60 1285 158 1353 ,αηηῆ
177 1281 223 1339 τὸν
240 1282 366 1359 zomon
385 1305 468 1358 m,
490 1285 617 1351 πνγλάνιιι
635 1292 794 1363 ννιιννηνηιιι
808 1287 855 1358 τὴν
901 1287 945 1324 sua
959 1274 1121 1324 ‹linioreretur
1134 1277 1206 1337 sede,
1222 1278 1305 1326 crebro
1321 1279 1406 1327 nrnlari
1422 1281 1513 1329 Cbloin
1528 1295 1576 1330 non
1592 1284 1691 1343 permit·

57 1349 154 1441 Χλόην
175 1373 222 1429 οὐκ
236 1370 396 1448 ἐπέτρεπεν·
418 1371 483 1430 ὥστ’
503 1373 633 1450 ἐθαύμαζε
656 1375 702 1452 μὲν
722 1383 739 1448 ἡ
761 1376 854 1450 Χλόηι
902 1371 967 1419 ἐσθεῖ
978 1386 983 1418 :
993 1370 1017 1419 iet
1027 1372 1099 1433 igitur
1108 1373 1240 1422 mirabatur
1249 1375 1338 1435 Clito'e,
1349 1375 1391 1424 sed
1404 1390 1501 1425 mirsam
1512 1377 1564 1437 ejus
1576 1379 1691 1429 sciscitari

56 1459 110 1529 τήν
125 1462 148 1517 δ’
165 1459 251 1517 αἰτίαν
266 1463 356 1537 ᾐδεῖτο
367 1460 552 1523 πυνθάνεσθαι.
902 1463 1036 1513 verebatur·

104 1548 176 1608 KE'.
197 1548 244 1607 Ἐν
259 1552 297 1627 τῷ
311 1547 379 1626 θέρει
393 1550 459 1628 τῷδε
475 1549 520 1607 καί
537 1550 695 1629 μνηστήρων
710 1553 807 1622 πλῆθος
823 1543 855 1622 ήν
932 1561 1005 1608 XXV.
1019 1560 1067 1608 ista
1079 1563 1161 1609 astate
1172 1560 1310 1623 complures
1322 1561 1414 1612 cbloiin
1432 1563 1569 1613 ambiebant
1586 1567 1691 1628 praeiet

56 1637 124 1714 περὶ
140 1642 190 1706 τήν
202 1634 293 1708 Χλόην
307 1637 352 1693 καί
366 1638 460 1695 πολλοὶ
477 1637 642 1717 πολλαχόθεν
659 1641 766 1722 ἐφοίτων
782 1642 856 1722 παρὰ
902 1648 1009 1709 ιιιιιΙίιμιο
1025 1648 1161 1710 trequentes
1181 1648 1309 1698 veniebant
1333 1648 1364 1697 arl
1386 1653 1529 1711 Dryantem,
1551 1653 1625 1714 ipsam
1646 1656 1690 1705 sibi

16 1744 42 1783 ιι
55 1725 105 1784 τόν
117 1726 242 1806 Δρύαντα
255 1724 319 1804 πρός
330 1724 415 1803 γάμον
426 1728 557 1794 αἰτοῦντες
567 1728 659 1798 αὐτήν.
706 1729 760 1788 Καὶ
773 1733 795 1788 οἱ
806 1731 855 1806 μέν
902 1749 1002 1784 rixorem
1015 1738 1139 1798 petentes:
1154 1750 1257 1798 quornm
1273 1738 1312 1785 alii
1328 1737 1417 1786 tionum
1430 1739 1528 1800 aliquod
1543 1742 1689 1805 atterebant,

55 1813 852 1896 τιδῶρονέφιρον,οίδὲπολλδιἐπηγγέλλοντοκαίμεγάλα,
900 1825 939 1872 alii
952 1824 1027 1873 multa
1037 1827 1062 1873 et
1075 1838 1161 1887 inagna
1173 1824 1352 1887 promittebant.
1385 1829 1450 1888 Nape
1466 1828 1561 1891 itaque,
1577 1844 1618 1892 spe
1630 1833 1689 1881 inei-

56 1901 95 1962 Ἦ
116 1901 166 1977 μέν
181 1893 225 1959 σόν
245 1900 328 1972 Νάπη
341 1910 397 1968 ταῖς
412 1902 513 1962 ἐλπίσιν
531 1905 708 1985 ἐπαιρομένη,
731 1907 854 1966 αονεθοό-
900 1917 964 1973 tata,
976 1913 1178 1963 auetoretocamti
1191 1915 1282 1963 Chloen
1294 1915 1353 1974 init,
1369 1917 1420 1962 rata
1437 1929 1484 1963 non
1495 1921 1689 1970 esseronsultuni

56 1993 135 2049 λευεν
151 1989 281 2049 ἐκδιδόναι
295 1990 343 2060 τήν
357 1990 467 2064 Χλόην,
489 1992 556 2069 μηδὲ
575 1994 697 2074 κατέχειν
711 1994 778 2054 οἴκοι
792 1997 855 2074 πρὸς
900 2005 949 2051 tam
961 2001 1073 2063 grandem
1086 2003 1190 2064 puellam
1210 2003 1303 2051 diutius
1319 2002 1426 2052 detinere
1441 2003 1522 2063 domi,
1540 2020 1595 2067 qnae
1610 2009 1688 2058 toisan

57 2078 141 2137 πλέον
162 2077 324 2149 τηλικαύτην
340 2078 436 2158 κόρην,
456 2081 473 2152 ἣ
491 2081 562 2160 τάχα
579 2083 672 2162 μικρὸν
686 2082 794 2163 ὕστερον
809 2084 854 2142 νέ-
900 2090 971 2150 paulo
986 2092 1039 2151 post
1053 2090 1114 2138 inter
1128 2089 1273 2152 pascendum
1295 2091 1456 2152 virginitatem
1473 2095 1590 2144 amissura
1611 2102 1688 2158 esset,

19 2186 45 2224 an
58 2190 150 2244 μουσα
164 2165 212 2238 τὴν
223 2168 367 2244 παρθενίαν
381 2170 474 2226 άπολεῑ
488 2169 532 2227 καὶ
548 2170 630 2250 ἄνδρα
642 2171 782 2242 ποιήσεταί
796 2197 852 2231 τινα
899 2180 924 2226 et
936 2179 1014 2226 virum
1026 2178 1131 2240 aliquem
1146 2181 1264 2239 pastorem
1279 2179 1387 2240 tactura,
1403 2183 1461 2230 msis
1475 2183 1592 2246 malisque
1603 2198 1689 2248 aceep-

57 2260 113 2313 τῶν
135 2254 270 2331 ποιμένων
292 2256 336 2314 ἐπὶ
358 2256 486 2332 μήλοιςθ,
508 2259 608 2337 ῥόδοις·
629 2263 686 2317 ἀλλ’
706 2259 806 2333 ἐκείνην
826 2285 854 2319 τε
899 2267 945 2326 tis;
957 2265 999 2315 sed
1011 2266 1090 2327 potius
1103 2267 1168 2315 illam
1181 2271 1282 2316 inatrem
1298 2268 1398 2317 inmittas
1412 2271 1688 2333 constituere,etmulta

58 2347 171 2414 ποιῆσαι
191 2342 330 2402 δέσποιναν
349 2346 431 2410 οἰκίας
445 2345 491 2402 καί
506 2346 597 2412 αὐτοὺς
612 2346 698 2404 πολλὰ
712 2346 853 2425 λαθόντας,
899 2355 939 2403 illa
950 2357 1048 2416 aueepta
1059 2354 1123 2403 dona
1136 2356 1233 2417 pmprio
1240 2355 1392 2419 genuinoque
1405 2359 1571 2408 serraretilio:
1584 2374 1689 2425 namque

59 2433 120 2512 ἰδίῳ
134 2432 274 2512 φυλάττειν
290 2431 357 2490 αὐτὰ
375 2434 420 2491 καί
434 2433 534 2515 γνησίῳ
546 2437 658 2516 παιδίῳ·
677 2435 789 2514 ἐγεγόνει
802 2435 853 2516 γάρ
899 2456 946 2491 non
960 2443 1038 2492 multo
1050 2446 1106 2492 ante
1118 2443 1175 2505 ipsis
1185 2445 1279 2506 puellus
1289 2448 1342 2494 erat
1351 2448 1481 2508 prognatus
1489 2450 1619 2499 masculus.
1653 2456 1688 2501 Ac

61 2522 151 2586 αὐτοῖς
176 2522 252 2600 άρρεν
273 2520 377 2579 παιδίον
399 2523 429 2579 οὐ
450 2523 501 2602 πρὸ
522 2525 619 2582 πολλοῦ
640 2547 717 2590 τινος.
769 2523 804 2585 Ὁ
826 2525 852 2583 δὲ
898 2535 974 2593 Dryas
984 2531 1082 2594 quidem
1094 2532 1169 2580 modii
1178 2532 1243 2581 hisee
1253 2533 1404 2582 sermonibus
1413 2535 1688 2599 deliniebatur3majora

28 2608 151 2690 ἐιΔρόοις
166 2610 230 2670 ποτὲ
245 2608 293 2688 μὲν
305 2610 424 2688 ἐθέλγετο
437 2614 491 2679 τοῖς
503 2613 664 2689 λεγομένοις,
682 2613 787 2688 μείζονα
801 2612 852 2692 γὰρ
897 2632 1018 2682 namque,
1040 2634 1112 2681 qnam
1134 2633 1177 2683 pro
1191 2621 1315 2683 pastoritia
1329 2622 1424 2684 puella,
1450 2625 1688 2675 enumerabuntura

63 2697 83 2769 i,
106 2697 175 2757 κατὰ
197 2699 391 2777 ποιμαίνουσαν
414 2700 494 2779 κόρην
519 2703 589 2781 δῶρα
613 2703 764 2778 ὠνομάζετο
787 2702 852 2778 παρ’
897 2710 994 2770 singulis
1010 2722 1111 2758 munera
1124 2725 1130 2757 ι
1144 2709 1265 2758 interdum
1279 2722 1336 2758 rero
1345 2714 1473 2772 reputans,
1490 2713 1555 2761 illam
1571 2720 1686 2775 paraestin-

67 2788 185 2864 ἱιιάστεο,
195 2787 259 2847 ποτὲ
271 2790 295 2847 δ’
303 2789 427 2858 ἐννοήσας
438 2792 472 2856 ὡς
483 2788 607 2869 κρείττων
618 2791 687 2848 ἐστίν
700 2795 716 2861 ἠ
726 2792 852 2870 παρθένος
897 2799 983 2846 liorem
997 2811 1063 2855 esse,
1079 2810 1152 2860 quam
1167 2811 1222 2859 quae
1238 2799 1332 2847 rusticis
1346 2799 1392 2847 illis
1401 2800 1516 2849 elocanda
1527 2808 1589 2851 esset
1599 2804 1685 2865 procis,

71 2875 221 2957 μνηστήρων
237 2880 378 2958 γεωργῶν,
398 2878 443 2935 καὶ
461 2880 511 2951 ὡς,
530 2877 555 2936 εί
569 2902 632 2936 ποτε
644 2877 703 2945 τοὺς
717 2878 852 2952 ἀληθινοὺς
896 2886 1024 2948 querique,
1040 2886 1060 2933 si
1079 2886 1176 2947 quando
1194 2900 1251 2935 snos
1264 2900 1334 2935 veros
1350 2893 1460 2950 parentes
1479 2890 1608 2950 inueniret,
1624 2892 1687 2952 ipsos

73 2964 154 3038 γονέας
173 2964 262 3045 εὕροι,
286 2964 406 3042 μεγάλως
425 2966 503 3024 αὐτόν
519 2967 660 3042 εὐδαίμονα
677 2967 769 3042 θήσει,
789 2971 850 3027 άνε-
896 2973 1026 3022 admodum
1039 2974 1121 3023 beatos
1133 2976 1194 3023 esset
1210 2974 1347 3035 redditura,
1362 2988 1434 3024 suum
1446 2977 1573 3026 disserebat
1588 2991 1686 3039 rospon-

45 3059 67 3099 ὓ
77 3048 177 3112 θόλλετο
189 3054 237 3124 τήν
252 3053 391 3133 ἀπόκρισιν
403 3054 449 3112 καί
463 3045 534 3113 εἷλκε
549 3055 642 3135 χρόνον
657 3058 687 3113 ἐκ
698 3056 792 3134 χρόνου
806 3056 851 3115 καί
895 3074 965 3121 suni,
982 3062 1147 3124 nectendoque
1162 3075 1241 3110 moras
1257 3065 1352 3125 tempus
1367 3063 1397 3111 de
1416 3067 1525 3126 tempore
1544 3065 1647 3115 ducebat
1662 3069 1686 3116 et

81 3139 220 3220 ἐντῷτέως
234 3142 419 3221 άπεκέρδαινεν
432 3145 479 3201 οὐκ
491 3144 568 3222 ὀλίγα
579 3146 661 3224 δῶρα.
703 3143 737 3204 Ἡ
755 3141 849 3222 μὲνδὴ
884 3151 987 3200 ’interea
997 3150 1114 3212 temporis
1127 3149 1176 3198 nob
1190 3163 1265 3211 pauoa
1282 3150 1338 3199 inde
1349 3150 1490 3201 lucrabatur
1502 3166 1609 3202 munera.
1643 3155 1686 3204 llla

84 3233 200 3304 μεθεῖσα,
221 3235 345 3311 λυπηρῶς
361 3231 431 3290 πάνυ
450 3234 523 3310 διῆγε
540 3234 585 3291 καί
600 3234 644 3292 τὸν
659 3231 758 3312 Δάφνιν
773 3234 849 3292 ἐλάν-
896 3251 971 3299 vero,
986 3239 1032 3286 troo
1049 3237 1184 3299 intellecto,
1208 3251 1294 3300 magno
1313 3240 1337 3287 in
1357 3252 1460 3289 maerore
1480 3240 1597 3302 degebat,
1613 3242 1686 3305 idque

85 3316 143 3375 θωνν
159 3317 280 3391 ἐπιπολὺ,
299 3321 391 3377 λυπεῖν
405 3322 435 3379 οὐ
450 3321 574 3380 θέλουσα·
590 3325 626 3387 ab<
640 3321 662 3379 δ’
675 3321 794 3403 ἐλιπάρει
805 3321 850 3380 καί
896 3328 1015 3390 Daphnim
1028 3325 1121 3377 celabat
1129 3339 1172 3389 per
1184 3327 1281 3389 longum
1293 3330 1398 3391 ternpus,
1411 3328 1468 3377 buin
1479 3343 1541 3390 aegre
1553 3330 1631 3380 iacere
1641 3332 1686 3381 no·‘

88 3402 176 3466 ἐνέκειτο
191 3407 385 3483 πυνθανόμενος
399 3407 445 3467 καί
461 3410 583 3467 ἐλυπεῖτο
602 3410 702 3485 μᾶλλον
718 3408 755 3487 μή
775 3432 848 3486 μαν-
895 3418 954 3467 Ιοοε.
988 3419 1050 3466 curn
1062 3428 1120 3465 vero
1129 3415 1229 3465 instaret
1239 3419 1381 3479 urgeretque
1392 3417 1602 3479 percunctanuoet
1611 3420 1686 3482 magis

56 3492 78 3533 ⁸
88 3490 153 3551 θένων
169 3493 187 3565 ἢ
206 3495 302 3572 ἐμελλε
320 3496 425 3572 μαθὼν,
444 3497 523 3556 πάντ’
539 3500 611 3576 αὐτῷ
629 3499 771 3576 διηγεῖται,
792 3497 850 3566 τοὺς
895 3506 1032 3556 contristari
1049 3504 1171 3554 rideretur
1182 3504 1291 3566 ignarus,
1303 3518 1377 3566 quam
1391 3507 1507 3567 signarus
1520 3506 1685 3568 toret,omnia

87 3582 302 3658 imminentisque,
319 3587 353 3651 ὡς
367 3585 460 3644 πολλοί
474 3585 520 3645 καλ
534 3587 671 3661 πλούσιοι,
685 3584 744 3654 τοδς
757 3586 849 3663 λόγους
895 3595 927 3643 illi
944 3607 1066 3643 recensere
1079 3605 1139 3645 orsu
1148 3595 1199 3654 est,
1214 3593 1327 3643 videlieet
1338 3607 1410 3655 quam
1429 3595 1478 3643 sint
1492 3595 1561 3644 multi
1578 3600 1602 3645 et
1616 3597 1684 3646 tocu-

86 3660 118 3732 a,
131 3674 145 3741 ἡ
157 3672 237 3744 Νάπη
249 3671 398 3732 σπεύδουσα
410 3673 474 3752 πρὸς
488 3673 532 3732 τὸν
544 3676 629 3751 γάμον
642 3675 741 3752 ἔλεγεν,
754 3678 789 3742 ὡς
802 3678 849 3734 οὐκ
894 3683 984 3744 pieres,
994 3682 1035 3744 qui
1046 3682 1142 3743 nuptias
1153 3681 1226 3743 ipsius
1235 3681 1353 3741 ambiant,
1363 3695 1418 3744 quae
1428 3682 1502 3731 rerba
1511 3686 1576 3747 Nape
1584 3685 1614 3733 ari
1622 3699 1684 3747 nup-

83 3751 195 3821 burae
220 3759 308 3842 Δρόας
331 3761 389 3820 ἀλλ’
413 3761 481 3845 [ὡς]
507 3767 543 3830 εἰς
565 3764 609 3822 τὸν
632 3763 758 3844 τρυγητὸν
781 3766 849 3823 άνα-
894 3771 940 3819 tias
952 3770 1066 3819 testinans
1077 3768 1312 3832 dixerit,quomodo
1330 3773 1407 3833 Dryas
1427 3783 1475 3820 non
1487 3771 1624 3836 abnuisset,
1642 3774 1684 3823 sed

80 3832 201 3919 θέἶλητει.
894 3842 1074 3907 invindemiam
1086 3856 1224 3906 distulisset

41 3931 68 3974 ⁴⁰
113 3932 181 4013 KQ.
202 3934 330 4018 Ἔκφρων
347 3938 391 3997 ἐπὶ
409 3938 539 4005 τούτοεςθ
561 3937 659 4020 Δάφνις
680 3938 780 4019 γίνεται
804 3941 849 3999 καί
926 3944 1195 3996 xxviium-auditis
1206 3957 1289 3993 amens
1305 3944 1332 3993 tit
1346 3946 1466 4007 Dapbnis,
1479 3947 1503 3995 et
1512 3945 1596 3996 solens
1611 3947 1684 3997 colla·

74 4009 189 4103 ἐέἇιφναε
207 4027 367 4103 καθήμενος,
384 4029 589 4104 ἀποθανεῖσθαι,
611 4026 706 4104 μηκέτι
720 4030 849 4106 νεμούσης
894 4036 997 4084 ειίιιιοτο
1016 4034 1102 4096 caepit,
1122 4036 1225 4082 mortem
1241 4035 1354 4096 oppetere
1373 4047 1398 4082 se
1415 4032 1489 4096 reite,
1507 4035 1525 4083 si
1550 4036 1684 4097 privaretur

73 4096 162 4187 mit,
173 4113 273 4193 λέγων·
287 4115 333 4173 καὶ
347 4117 394 4174 οὐκ
409 4114 486 4182 αὐτὸς
499 4116 583 4192 μόνος,
599 4117 668 4176 ἀλλὰ
681 4118 726 4176 κοιλ
740 4117 773 4176 τά
788 4120 850 4197 πρό-
894 4125 984 4186 chloe,
999 4123 1135 4180 affirmans,
1150 4135 1195 4171 nee
1207 4136 1232 4172 se
1247 4123 1325 4185 ipsum
1337 4121 1431 4185 sotum,
1450 4122 1493 4172 sed
1508 4125 1533 4173 et
1550 4137 1621 4188 oves,
1642 4126 1684 4175 tati

73 4182 346 4275 6θἐεμετᾰτοιοῖίτον
358 4203 480 4281 ποιμένα.
523 4194 581 4264 Εἶτ’
593 4208 738 4285 ἀνενεγκὼν
747 4206 849 4288 ἐθάρρει
894 4211 1096 4277 pastoreamisso.
1129 4210 1221 4261 Deinde
1230 4224 1286 4259 eum
1298 4224 1350 4259 sese
1361 4211 1508 4273 collegisset,
1521 4214 1628 4262 animum
1646 4227 1683 4262 re-

72 4278 120 4339 ἐῑῑέ
132 4290 221 4350 πίοιεν
236 4292 331 4350 ἐνενόει
344 4291 389 4350 τόν
403 4291 505 4372 πατέρα
519 4292 565 4351 καὶ
577 4291 622 4350 ἕνα
637 4298 688 4353 τῶν
705 4294 848 4372 μνωμένων
895 4301 1000 4365 eipiebat
1011 4302 1036 4351 et
1047 4299 1359 4350 eonstitueuatnoecntoes
1367 4300 1509 4362 persuadere
1520 4302 1581 4363 patri
1591 4302 1683 4350 etinter

40 4370 63 4412 δ’
73 4366 146 4433 ιιτόν
160 4377 264 4460 ήρίθμει
277 4379 323 4439 καί
337 4378 403 4438 πολὺ
419 4381 563 4459 κρατήσειν
577 4381 670 4453 ήλπιζε
684 4384 736 4440 τῶν
749 4381 846 4442 άλλων.
894 4391 998 4454 reliquos
1005 4402 1168 4452 processuum
1178 4388 1336 4452 protitebatur
1345 4401 1446 4448 nomen,
1456 4389 1616 4449 sperabatqne
1623 4388 1683 4449 tore,

73 4443 128 4515 Ἓν
141 4466 211 4527 ntia
229 4467 386 4548 ἐτάραττεν·
405 4470 453 4527 οὐκ
464 4460 497 4540 ἦν
515 4471 616 4545 Δάμων
632 4472 770 4542 πλούσιος,
790 4474 849 4530 ἀλλ’
894 4482 922 4529 ut
934 4482 1026 4529 eeteros
1038 4478 1108 4540 longe
1121 4480 1254 4540 superaret.
1289 4477 1315 4526 ld
1330 4479 1425 4525 tantum
1438 4490 1493 4525 eum
1507 4476 1624 4536 terrebat;
1639 4478 1683 4525 ta·

75 4537 264 4636 ufta’lirtbbapoq
279 4559 301 4615 εἰ
312 4556 502 4634 καίπλοόσιος,
518 4580 580 4614 noua
605 4582 682 4616 αοτου
695 4582 742 4629 την
756 4560 849 4619 ἐλπίδα
894 4582 950 4617 mon
967 4566 1056 4617 scilieet
1070 4579 1119 4616 non
1132 4568 1184 4615 erat
1196 4565 1281 4614 dives:
1300 4565 1341 4614 sed
1362 4577 1406 4613 uec
1425 4564 1495 4623 liber,
1509 4563 1602 4611 etiamsi
1617 4563 1683 4630 dives

76 4628 251 4733 ἐξέθωλεπτήν
261 4646 403 4726 είργάζετο.
444 4642 541 4723 Ὅμως
553 4646 575 4704 δ’
585 4648 669 4705 ἐδόκει
680 4653 794 4724 μνᾶσθαι
805 4651 849 4709 καὶ
869 4662 872 4733 ι
894 4660 967 4706 esset:
980 4656 1025 4705 buc
1036 4668 1112 4704 unum
1121 4654 1195 4717 ipsius
1206 4655 1351 4714 spesteuuea
1360 4650 1487 4700 efficiebat.
1522 4651 1683 4703 Nihilominus

76 4728 108 4791 *b
122 4722 187 4813 Χλόῃ
205 4733 346 4794 συνεδόκει.
380 4735 427 4812 Τῷ
442 4734 555 4812 Δάμωνι
570 4734 617 4811 μὲν
632 4725 676 4793 οδν
690 4735 764 4794 οθδὲν
778 4736 850 4795 ἐτόλ-
894 4745 986 4795 ambire
1004 4743 1111 4793 decrerit
1125 4742 1266 4803 censuitque
1287 4741 1321 4789 ita
1337 4739 1472 4788 iaciendum
1493 4740 1576 4790 Clitoi.
1609 4745 1683 4792 Porro

10 4824 13 4879 j
52 4807 253 4896 ”melmin
270 4826 304 4901 τῇ
319 4823 449 4903 Μυρτάλη
465 4824 493 4881 δὲ
506 4822 638 4902 θαρρήσας
651 4822 749 4881 καὶτὸν
763 4820 848 4903 ἐρωτα
894 4833 994 4884 Lamoni
1007 4831 1065 4880 nibil
1077 4844 1149 4880 ausus
1164 4831 1208 4879 tuit
1223 4829 1361 4890 etoqui2al
1381 4827 1489 4888 btyrtalae
1503 4828 1591 4877 trdueia
1602 4834 1682 4880 sumta

10 4904 15 4941 ί
88 4972 108 4990 ,
189 4910 236 4970 καί
249 4912 312 4991 napi
322 4916 368 4970 τοῦ
381 4911 470 4990 γάμου
482 4911 573 4987 λόγους
583 4911 804 4990 προσήνεγκεν·ἡ
821 4912 848 4970 δέ
893 4915 1681 4978 nonsotumamoremineticaritrernmetdenuptiissermonem

71 4986 110 5051 Ψ
129 4992 237 5076 διέμεινε
259 4998 361 5080 νύκτωρ
382 4999 551 5061 ἐκοινώσατο.
595 5000 722 5077 Σκληρῶς
742 4999 766 5056 δ’
782 5000 848 5058 ἐκεί·
894 5009 983 5071 injecit.
1017 5011 1076 5059 llaec
1091 5021 1147 5057 cum
1163 5007 1352 5056 Lamonenootu
1367 5017 1418 5054 rem
1432 5018 1529 5055 omnem
1545 5007 1681 5058 eommuni-

62 5070 299 5155 *elibano
313 5088 515 5167 ἐνεγκόντοςκοιλ
529 5086 848 5167 λοιδορήσαντοςείπαιδὶ
893 5100 966 5148 cavit.
1000 5099 1096 5150 Duriter
1104 5101 1184 5146 autern
1197 5095 1238 5144 illo
1250 5095 1315 5144 bunc
1323 5106 1458 5145 sermonem
1469 5097 1610 5159 accipiente,
1619 5099 1681 5147 aeri·

57 5138 201 5253 α’δήμιον
215 5173 351 5254 ποιμένων
364 5175 482 5258 προξενεῖ
497 5176 614 5254 μεγάλην
629 5177 655 5234 ἐν
670 5175 722 5242 τοῖς
736 5176 848 5256 γνωρίσ-
893 5191 978 5252 terque
989 5187 1054 5237 ittam
1066 5185 1221 5248 objurgante,
1240 5183 1306 5248 quod
1321 5185 1445 5248 pastorum
1459 5184 1532 5235 liliam
1544 5187 1680 5248 copulatam

1542 5288 1573 5326 rr.
