3726 5692
31 1762 34 1768 ς
120 1723 143 1760 ιι
157 1705 281 1779 στήσασα,
294 1708 357 1786 παρ’

163 350 218 400 358
695 334 911 394 HELIODORI
931 334 1243 395 AETEIOPICORUM

159 467 275 548 Εἰρήνην
289 466 316 525 δέ
331 465 376 525 καλ
390 457 521 542 πόλεμον,
536 467 586 544 ούχ
600 469 617 537 ή
629 467 682 524 τῶν
694 465 832 542 ὀνομάτων
845 464 951 534 ἀξίωσις
997 474 1106 536 Denique
1128 487 1212 537 pacem
1233 476 1258 523 et
1278 473 1386 535 bellum,
1405 487 1454 524 non
1472 474 1599 524 nominum
1620 475 1730 538 pondus,
1745 477 1788 527 sed

160 555 219 615 ἀλλ’
231 559 248 627 ή
261 559 313 614 τῶν
325 553 470 634 χρωμένων
482 552 614 627 διάταξις,
630 553 804 634 ἀληθέστερον
816 553 948 631 γνωρίζειν
996 564 1057 614 ratio
1077 565 1102 613 et
1123 563 1263 613 constitutio
1281 575 1382 623 eorum,
1400 564 1443 625 qui
1458 566 1570 624 utuntur,
1584 564 1666 614 verius
1677 564 1791 625 iudicare

160 644 271 726 πέφυκε.
316 643 356 703 Ti
376 641 423 721 μέν
445 642 543 702 δίκαιον
563 641 663 708 τούτοις
683 642 820 719 τιθεμένη,
847 641 949 722 βέλτιον
996 652 1066 702 solet.
1104 652 1268 711 Quamobrem
1290 652 1446 714 nquiorem,
1472 652 1493 702 si
1517 652 1556 702 bis
1578 666 1674 702 assensa
1699 654 1789 716 θυοτὶε,

160 732 191 791 δν
207 732 314 815 φανείης
329 730 477 811 ὁριζομένη.
505 731 545 792 Τό
561 754 591 809 γε
607 729 659 808 μήν
672 730 949 814 πρίπονήσυμφίρον
995 740 1083 790 melius
1103 739 1204 789 definire
1223 739 1343 790 videberis
1365 742 1498 790 :ceterum
1520 741 1649 791 bonestom
1664 745 1688 790 et
1714 742 1789 804 utile,

132 822 213 881 ταῦθ’
240 824 276 887 εἰς
298 819 500 902 άμφισύήτησιν
524 819 692 880 καθίσταται.
737 823 801 886 Πῶς
828 818 880 900 γάρ
908 820 949 880 σοὶ
996 828 1112 891 nequein
1127 828 1316 879 controuersiam
1331 828 1405 880 venit.
1438 828 1567 888 Quomodo
1576 829 1642 879 enim
1657 829 1790 881 honestum

159 908 240 969 καλὸν
258 906 276 980 ἢ
292 910 442 968 λυσιτελοῦν
465 907 529 967 νέων
554 907 600 967 καί
623 906 702 976 ξένων
726 907 814 979 ούτως
830 906 949 985 ἐκθύμως
996 916 1040 966 tibi
1054 919 1104 978 est,
1116 918 1159 966 aut
1173 915 1301 975 conducit,
1315 915 1418 976 juvenes
1431 924 1456 966 et
1470 916 1619 980 peregrinos.
1632 918 1683 968 tarn
1698 919 1792 970 furiose

159 997 297 1077 φαίνεσθαί
311 1021 340 1056 τι
353 995 399 1056 καλ
413 999 549 1076 ὁμολογεῖν
562 995 756 1076 άντιχομένην;
995 1004 1071 1054 rldcrl
1084 1007 1110 1054 et
1124 1004 1209 1068 interl,
1223 1007 1249 1055 te
1259 1005 1362 1055 retinere
1374 1004 1453 1056 vellet

101 1082 104 1087 ¹
199 1085 242 1148 E'.
267 1085 331 1146 ‘Eoi
349 1085 448 1152 τούτοις
461 1087 509 1144 ούκ
523 1085 561 1144 ἐτι
574 1085 735 1165 κατέσχενή
757 1083 873 1166 Ἀρσάκη
888 1086 948 1143 ἀλλ’
1025 1095 1057 1143 V.
1078 1091 1115 1143 ed
1130 1093 1244 1143 baecnou
1261 1092 1366 1156 amplius
1384 1093 1505 1144 continuit
1518 1107 1570 1143 sese
1584 1098 1685 1158 Amase,
1707 1094 1751 1146 scd
1765 1095 1792 1147 td

47 1166 55 1187 ‘
159 1174 299 1254 ἔπασχενὸ
312 1174 344 1246 δή
357 1175 508 1241 scindere<
520 1177 556 1240 ὡς
567 1174 665 1232 ἐπίπαν
677 1175 701 1233 ol
715 1174 834 1253 ἐρῶντες.
877 1176 948 1233 Λαν·
995 1185 1030 1236 iili
1044 1185 1148 1246 eccidit,
1168 1186 1235 1250 quod
1248 1186 1400 1237 omnibusin
1413 1188 1553 1238 universum
1567 1189 1708 1240 amantibus
1722 1190 1791 1240 eooi-

37 1316 40 1323 .
120 1281 144 1319 ιο
159 1264 245 1322 θάνειν
266 1264 314 1341 μὲν
339 1263 452 1336 οἰόμενοι
479 1263 525 1321 καλ
551 1265 713 1344 ἐρυθριῶαιν,
732 1259 901 1341 ἁλισκόμενοι
924 1265 946 1322 δ’
994 1279 1131 1330 desemine.
1165 1283 1228 1330 cum
1240 1281 1348 1331 ecculm
1361 1292 1413 1331 0320
1426 1293 1482 1332 ωας
1499 1281 1787 1346 ntionoeputmtffl.

158 1355 430 1432 ἅπαναῑσΧυῊθῦσῑΨ
448 1355 462 1409 ὅ
482 1351 529 1429 pls
547 1351 718 1430 spesspes:
739 1349 948 1432 invenenant
995 1375 1097 1424 bescuut
1108 1394 1115 1425 ι
1125 1388 1182 1424 cum
1194 1377 1251 1424 sunt
1260 1374 1412 1438 deprehensi,
1424 1388 1521 1425 omnem
1531 1375 1649 1438 pudorem
1661 1378 1790 1428 emittunt.

159 1441 185 1499 δὲ
205 1437 395 1522 πεδωθαμένθί
424 1439 580 1520 θρασύτεροί
600 1439 800 1515 καθῑσῗάίὸῑνθί·
842 1438 891 1507 Ὦ(
916 1437 947 1509 δὴ
995 1468 1042 1526 Qui
1057 1468 1129 1529 latet,
1144 1469 1297 1518 cunctantior
1309 1471 1345 1519 cst
1359 1488 1365 1518 :
1381 1468 1423 1532 qui
1434 1469 1596 1532 deprehensos
1607 1472 1657 1532 est,
1673 1471 1792 1522 audacior

158 1530 266 1609 κάκείνῃ
281 1532 311 1588 τὸ
333 1527 447 1595 συνῑῑδὸς
468 1533 514 1601 *ἧς
532 1530 617 1610 Μῆς
639 1527 746 1608 &stiffi
767 1527 882 1606 §pipino
903 1527 949 1587 καί
995 1559 1107 1612 efficitur.
1142 1561 1354 1620 Quemadmodum
1375 1567 1400 1612 et
1414 1562 1480 1612 illarn
1500 1564 1595 1613 conscie
1617 1578 1687 1615 meus
1706 1565 1792 1616 reder-

158 1618 202 1677 τδν
219 1619 327 1695 Θύαμιν
342 1616 542 1676 ὑπωπτευκέναι
559 1640 585 1676 τι
605 1620 657 1675 τῶν
673 1616 732 1675 κατ’
748 1616 830 1687 αὐτήν
851 1620 948 1675 ύποτο-
994 1655 1083 1718 gnebat
1100 1662 1125 1705 et
1138 1656 1267 1719 Thyamim
1278 1656 1368 1720 aliquid
1388 1657 1535 1720 suspicatum
1547 1671 1599 1709 m
1617 1657 1689 1709 dm
1708 1660 1791 1711 exui·

202 1794 210 1814 x
251 1794 286 1838 ψ
372 1705 444 1765 Οὐδὲν
458 1704 505 1783 μὲν
518 1707 562 1766 τὸν
575 1705 713 1788 προφήτην
736 1706 781 1765 καὶ
795 1705 825 1764 τὸ
839 1728 949 1812 '‘th
995 1762 1073 1811 mens,
1086 1763 1135 1799 non
1149 1751 1237 1800 taciens
1249 1751 1318 1801 ttooci
1329 1753 1462 1802 antistitem
1476 1755 1501 1802 et
1511 1751 1621 1803 antistitii
1635 1753 1790 1817 dignitatem,

157 1817 229 1852 τύχον
244 1816 349 1871 “emim
368 1793 659 1904 ποίησαμὲνῖἶχῖᾶσῖν
675 1793 702 1853 δὲ
716 1793 866 1873 *mmmm
883 1796 948 1853 αἰδω
994 1857 1142 1907 omnemque
1154 1845 1273 1908 podorem
1290 1845 1433 1896 muliebrem
1448 1845 1574 1909 abjiciens,
1590 1845 1727 1912 sedneqoe
1755 1850 1790 1900 in·

158 1881 436 1962 παραγκωνισαμίνη,
453 1882 515 1944 Ἀλλ
538 1884 597 1941 ουδε
610 1907 662 1942 των
677 1885 712 1949 είς
725 1884 871 1962 Μιτράνην,
887 1883 948 1965 ἐφη,
1732 1887 1740 1911 ’

156 1972 403 2051 ’δεδρασμένωνύμῖν
428 1971 584 2053 χαιρήσετε,
599 1974 657 2031 ἀλλ’
673 1971 747 2031 ἔσται
769 1973 858 2053 καιρδς
878 1975 940 2054 ἐνΙ
1260 2033 1265 2045 ,
1473 2035 1478 2042 ,
1612 2035 1617 2046 ,
1687 2036 1720 2048 ,,

158 2059 344 2142 mmmm
365 2060 464 2120 ,κείνου
479 2085 507 2120 π
522 2062 568 2121 κα,
581 2065 633 2120 τῶν
653 2060 700 2120 σὺν
721 2064 793 2143 αὐτῷ
810 2061 858 2134 τὴν
873 2063 947 2134 ὅχην
995 2035 1108 2084 ceterum
1124 2036 1291 2096 tempnere,
1307 2033 1404 2097 quando
1418 2034 1448 2084 de
1471 2035 1665 2085 interiectonbus
1686 2036 1752 2087 ribus
1765 2041 1791 2088 ct

118 2146 524 2229 ”sopoovffimgdwpdzm
553 2148 652 2210 Τοχσδι
667 2150 690 2208 δι
703 2153 733 2209 οὔ
748 2150 906 2227 μεθήσομαι,
918 2151 948 2210 rb
994 2139 1078 2177 eorum
1094 2128 1199 2234 quinne
1214 2128 1705 2236 aderautztlrooudatcssumetpoenas
1739 2133 1791 2182 Hos

159 2236 207 2313 μὲν
220 2236 304 2317 παρὸν
317 2237 377 2311 ἐμοὶ
392 2238 570 2309 δουλεύοντας,
586 2238 672 2317 ὀλίγον
686 2240 710 2298 δ’
721 2238 830 2319 ὕστερον
843 2240 948 2320 ἀδελφῷ
994 2235 1052 2273 '⁶¹⁰
1069 2236 1118 2272 ”⁰¹¹
1139 2223 1275 2283 ‘hunum’
1297 2237 1339 2286 ‘³¹¹¹
1357 2237 1382 2272 ¹¹¹
1397 2226 1529 2286 mem
1544 2227 1601 2273 ⁸⁰⁰⁸
1620 2238 1676 2274 ¹⁰²³
1697 2227 1792 2276 'mci‘

158 2326 195 2404 τῷ
211 2327 266 2403 ἐμῷ
283 2326 386 2403 pamm
398 2329 435 2407 tp
447 2327 567 2408 μεγάλῳ,
580 2324 650 2385 κατὰ
664 2325 743 2403 ,όμω
756 2327 801 2386 τὸ,
816 2327 947 2406 Πφσῑχὸ,
995 2318 1051 2380 pia:
1066 2319 1147 2379 paullo
1159 2322 1213 2381 post
1224 2331 1283 2368 vero
1303 2318 1453 2379 iratumne,
1469 2319 1518 2380 regi
1533 2332 1637 2381 magno,
1651 2321 1791 2371 secundnm

159 2412 452 2493 ἀναπεμφθησομίνους.
496 2415 567 2496 Πρδς
589 2420 674 2475 ταῦτα
691 2415 814 2497 ῥητόρευι
834 2414 880 2474 καί
903 2415 948 2474 δί-
994 2412 1070 2477 litem
1086 2414 1206 2464 Pffilfflm
1227 2415 1363 2465 militumr·
1396 2415 1433 2466 Ad
1447 2416 1501 2465 ¹¹³⁸·ss
1514 2416 1617 2465 ῐθθῑθῐῑὸ
1635 2419 1717 2479 Wlffl
1731 2430 1793 2481 ⁸8⁸⁵

158 2524 222 2559 κατα
236 2500 282 2559 καί
296 2501 431 2582 πρέποντα
447 2502 493 2562 καλ
507 2503 674 2585 συμφέροντα
690 2503 775 2580 μάτην
790 2504 946 2584 ὁριζόμενος,
994 2508 1149 2571 quantumuis
1167 2510 1233 2569 justa
1246 2510 1272 2557 et
1293 2508 1394 2558 honesta
1413 2510 1438 2558 et
1458 2508 1528 2558 utilia
1547 2509 1635 2558 trustra
1654 2509 1791 2573 deliniens,

34 2590 37 2594 ⁴
118 2607 144 2645 sc
158 2592 193 2655 ὡς
210 2587 312 2655 ούδενδς
324 2591 478 2670 προσδεῖται
493 2594 508 2648 ὁ
521 2594 636 2671 κρατῶν,
651 2591 682 2649 τὸ
705 2592 826 2672 βούλημα
840 2591 870 2652 τδ
884 2592 948 2652 ίδιον
994 2600 1060 2664 quod
1072 2602 1163 2652 nullius
1176 2601 1282 2664 indigeat
1297 2602 1331 2663 is,
1344 2603 1386 2665 qui
1399 2602 1472 2652 babet
1482 2602 1612 2666 imperinm
1628 2604 1653 2653 in
1663 2605 1790 2668 aliquem.

158 2677 255 2737 τούτων
268 2675 377 2744 ἕκαστος
390 2676 553 2756 ποιούμενος.
599 2679 651 2739 Καί
666 2681 747 2752 αὐλῆς
758 2685 805 2752 τῆς
819 2681 948 2763 ἡμετέρας
994 2703 1066 2740 suum
1079 2689 1207 2740 arbitrium
1219 2690 1679 2753 quodlibetborumessestatuenszet
1690 2706 1722 2742 ex
1731 2694 1792 2744 ente

158 2770 193 2834 ῶς
207 2763 247 2825 ὅτι
260 2765 375 2845 τάχιστοι
389 2767 435 2825 καί
449 2766 517 2826 ἐκδιν
530 2767 689 2845 μεθίστασο,
707 2769 745 2844 μή
760 2769 792 2841 δή
806 2772 887 2850 λάθῃς
901 2770 947 2830 καλ
995 2781 1078 2828 nostre
1089 2792 1103 2828 e
1114 2779 1214 2842 uestigio
1228 2781 1314 2841 sponte
1327 2779 1438 2838 discede,
1454 2793 1485 2829 ne
1499 2780 1561 2830 torte
1574 2780 1695 2831 incautius
1705 2795 1792 2845 egens,

159 2853 230 2912 άκων
243 2854 442 2933 μεθιστάμενος.
487 2854 521 2915 ‘0
542 2854 590 2934 μίν
605 2851 650 2916 οὖν
664 2857 771 2935 Θύαμις
793 2857 862 2937 ἐξήει
877 2858 949 2925 θεούς
994 2867 1085 2918 inritus
1098 2867 1184 2918 cedere
1197 2869 1298 2929 cogaris.
1330 2868 1445 2930 Thyamis
1457 2867 1530 2930 igitur
1540 2869 1794 2928 exibet.deosteetaes

159 2945 183 3001 τ’
198 2944 445 3024 ἐπιμαρτυράμενος
459 2943 506 3004 καὶ
522 2949 645 3004 τοσοῦτον
667 2947 833 3028 ἐπισκήψας,
852 2949 888 3013 ὡς
900 2949 948 3006 ούιι
994 2957 1110 3007 invocans
1121 2959 1145 3006 et
1156 2957 1252 3006 tanturn
1265 2941 1397 3018 affirmans,
1408 2956 1474 3020 quud
1486 2956 1539 3007 haee
1549 2957 1640 3007 bonum
1653 2958 1729 3009 tinem
1739 2972 1793 3010 nou

119 3053 145 3092 so
159 3034 195 3099 εἰς
216 3032 296 3090 καλὸν
312 3038 396 3091 ταῦτα
412 3033 579 3107 τελευτήσει,
601 3034 739 3106 κατάδηλα
761 3039 870 3107 ποιῆσαι
884 3037 948 3118 πρὸς
993 3048 1073 3096 essent
1083 3045 1212 3106 sortitura3
1224 3044 1330 3095 indicare
1351 3044 1405 3094 urbi
1419 3048 1445 3095 et
1458 3058 1512 3095 eam
1531 3046 1556 3095 in
1570 3046 1690 3097 auxilium
1709 3047 1793 3098 edro-

158 3118 205 3192 τήν
221 3121 296 3180 πολιν
310 3121 355 3180 καὶ
376 3120 583 3181 ἐπικαλέσασθαι
602 3122 667 3204 πρὸς
682 3123 803 3202 βοήθειαν
820 3125 947 3202 ἐνθυμού-
994 3144 1050 3180 care
1070 3131 1185 3193 cogimus.
1218 3135 1306 3180 Arsace
1326 3133 1423 3190 eutem,
1442 3131 1506 3182 Nihil
1529 3145 1588 3183 curo
1603 3135 1676 3182 tuum
1692 3135 1793 3186 musei·

159 3233 243 3287 μενος.
288 3210 322 3270 ‘H
338 3213 362 3269 δ’
378 3210 511 3291 Ἀρσάκη,
528 3210 613 3290 Λόγος
637 3213 734 3285 οθδιὶς,
759 3215 886 3289 εἰποῦσα,
902 3218 948 3287 τῆς
994 3221 1070 3279 tiurn,
1095 3232 1150 3268 cum
1172 3219 1285 3279 dixissen
1309 3231 1378 3268 arnor
1399 3219 1477 3269 solum
1503 3220 1600 3282 respicit
1626 3222 1791 3285 antistitium,

158 3303 206 3370 σῆς
220 3300 395 3381 προφητείας,
409 3300 472 3376 μίαν
487 3303 535 3382 ὁρᾷ
548 3301 709 3381 προφητείαν
724 3301 790 3383 ἔρως
799 3300 848 3373 τήν
863 3303 949 3362 turro-
995 3304 1101 3366 potiendi
1115 3304 1229 3354 solatium
1241 3323 1248 3354 τ
1262 3303 1287 3353 in
1302 3303 1435 3354 thalamum
1448 3306 1561 3357 secedens
1576 3309 1601 3356 et
1616 3307 1727 3370 Cybelen
1747 3323 1792 3360 ao·

157 3387 228 3467 χίαν,
241 3388 332 3453 εἰςτὸν
344 3387 462 3463 θάλαμόν
478 3410 506 3445 τι
521 3395 681 3469 χωρισθεῖσα
698 3389 743 3448 καλ
761 3388 809 3461 τήν
825 3389 947 3465 Ιίυὸέλην
994 3405 1103 3452 temni·
1125 3392 1155 3440 ‘¹0
1177 3391 1336 3453 iwflllbut
1354 3393 1487 3444 fflfiffllibili
1509 3394 1672 3456 dtfibtttbtl,
1696 3397 1793 3447 etenim

118 3498 144 3535 an
158 3477 397 3554 προσκαλεσαμένη
419 3474 478 3556 περὶ
500 3478 552 3533 τῶν
568 3475 706 3556 παρόντων
726 3477 889 3536 διεσκοπεῖτο
902 3479 948 3536 καλ
992 3480 1041 3541 idm
1055 3480 1136 3541 aliquo
1148 3479 1220 3530 modo
1231 3481 1257 3531 el
1270 3479 1351 3544 lugam
1365 3482 1516 3533 Achoemenis
1527 3496 1576 3532 non
1587 3485 1754 3546 comparentis
1765 3485 1793 3535 in

158 3564 209 3643 γάρ
223 3587 279 3630 πως
292 3564 343 3635 ἤδη
358 3564 404 3621 καλ
416 3562 460 3621 τδν
473 3562 591 3643 δρασμδν
605 3570 651 3623 τοῦ
662 3564 832 3645 Ἀχαιμένους
845 3567 875 3623 ού
890 3589 949 3647 φαι-
995 3568 1155 3631 suspicionem
1165 3570 1281 3631 vocabat3
1293 3571 1397 3633 cybele,
1410 3571 1430 3620 si
1440 3571 1538 3634 quaudo
1550 3575 1753 3634 percunctaretur
1763 3578 1789 3625 et

159 3648 267 3728 νομέιου
287 3653 321 3710 δι’
333 3649 445 3731 duellet
466 3650 615 3728 ἐλάμύανε,
637 3656 683 3723 τῆς
706 3653 844 3729 Κυύέλης,
860 3652 947 3714 elenze
994 3657 1125 3720 inquireret
1136 3657 1167 3708 de
1179 3658 1333 3720 Aobaemene,
1344 3660 1423 3709 varios
1431 3662 1457 3710 et
1469 3660 1517 3709 alio
1528 3662 1637 3722 ternpore
1649 3661 1712 3711 alios
1724 3675 1792 3724 pree·

158 3739 313 3797 πυνθάνοιτο
339 3739 384 3797 καί
410 3739 546 3813 ἐπιζητοίη
566 3739 610 3798 τὸν
634 3740 803 3822 ’Apennino
826 3742 948 3809 ποικίλας
995 3747 1076 3796 textus
1088 3747 1285 3798 comminiscente
1296 3750 1321 3798 et
1334 3748 1416 3797 omnia
1427 3747 1792 3811 magis‚quemota10roon·

159 3827 204 3885 καλ
219 3827 309 3885 ἄλλοτ’
324 3828 406 3895 ἄλλας
419 3827 562 3908 προφάσεις
573 3830 792 3903 ἀναπλαττούσης
803 3831 849 3890 καὶ
859 3830 946 3890 πάντα
995 3832 1075 3883 dotem
1089 3837 1286 3884 eumrenturum
1300 3834 1527 3895 esseorederet,illi
1539 3835 1706 3898 persuadente.
1742 3838 1793 3888 Ve-

926 1964 949 2032 ὦ
994 1939 1056 2002 quit,
1071 1952 1100 1989 es
1113 1953 1169 2001 oum
1180 1939 1205 1988 tn
1217 1939 1344 1990 bliteauem
1356 1940 1485 1989 admisistis
1493 1940 1563 1990 robis
1573 1940 1788 1993 condonabuntur.

25 3990 33 3995 ..
119 3935 145 3972 ιο
159 3912 290 3993 μάλλονή
314 3913 361 3986 τήν
380 3918 416 3982 ὡς
429 3914 606 3996 Ὀροονὸάτην
630 3917 715 3999 ἄφιξιν
736 3920 866 3979 πιστεύειν
886 3944 946 3979 πα-
994 3924 1130 3972 rumtamen
1143 3936 1193 3972 non
1206 3923 1304 3973 omnino
1319 3922 1348 3972 ed
1370 3925 1507 3973 extremum
1523 3923 1595 3974 tidem
1610 3923 1731 3985 tedebat,
1746 3926 1792 3977 sed

159 4002 381 4080 ρασκεναζούσης·
395 4003 464 4075 πλήν
476 4007 505 4063 ού
521 4005 675 4064 παντάπασι
689 4005 723 4064 τά
737 4008 875 4066 τελευταῖα
887 4031 947 4066 πει-
991 4011 1042 4072 iarn
1055 4014 1153 4074 propter
1163 4011 1347 4063 diuturnitatem
1359 4014 1474 4076 temporis
1488 4014 1522 4064 illi
1539 4013 1597 4062 tideo
1609 4026 1657 4062 non
1678 4013 1792 4066 babeba-

158 4089 253 4163 θούσης
275 4092 333 4149 ἀλλ’
354 4091 405 4164 ήδη
426 4091 468 4150 διὰ
490 4091 535 4151 τδν
558 4091 653 4174 χρόνον
674 4094 721 4153 καί
741 4093 943 4174 ἀπιστουμένης.
992 4101 1043 4149 tur.
1077 4103 1146 4149 Τιιιια
1157 4100 1239 4162 igitur,
1253 4101 1374 4163 Quidnam
1387 4103 1515 4162 faciemus,
1527 4101 1663 4160 dicebst,o
1677 4102 1793 4164 cybele?

158 4179 226 4237 Τότε
249 4179 272 4236 δ’
287 4171 341 4252 σύν,
355 4181 391 4241 Τί
410 4180 575 4255 ποιήσωμεν,
596 4181 695 4260 ἐλεγεν,
717 4172 740 4241 ιδ
761 4182 887 4261 eosdm
909 4182 947 4248 τίς
993 4191 1055 4246 Qum
1071 4186 1168 4237 tandem
1185 4188 1230 4237 erit
1244 4189 1320 4250 ratio,
1333 4202 1382 4252 qua
1393 4203 1434 4239 me
1445 4203 1476 4240 ex
1490 4190 1598 4253 iisque
1609 4189 1792 4254 circumstent,

158 4264 231 4334 λύσις
252 4267 325 4327 ἔσται
341 4292 385 4345 μοι
405 4274 458 4330 τῶν
471 4271 698 4352 περιεστηκότων;
711 4266 744 4331 '0
750 4272 797 4349 μὲν
821 4271 885 4353 ἔρως
899 4273 947 4330 cdx
993 4256 1112 4326 extricare
1123 4275 1226 4337 possim?
1239 4279 1300 4326 Item
1312 4290 1382 4326 amor
1396 4291 1445 4328 uon
1458 4277 1559 4327 remittit
1576 4277 1732 4341 quidquem,
1745 4282 1791 4331 sed

118 4377 144 4414 ιε
160 4355 341 4429 άνίησιν,ἇλλ’
354 4358 474 4417 ἐπιτείνει
497 4359 576 4418 πλέον
593 4357 683 4438 ὥσπερ
704 4358 753 4438 ύλῃ
773 4362 810 4439 τῷ
829 4359 879 4440 νέῳ
894 4359 946 4417 λά·
993 4365 1068 4428 magis
1080 4363 1222 4424 intenditur,
1238 4368 1356 4427 unquam
1370 4366 1471 4416 matoria
1486 4366 1602 4426 ajuvene
1620 4366 1681 4428 boc,
1695 4379 1793 4432 magno

159 4442 488 4526 ύρωςύποπιμπράμενος,
503 4448 553 4506 ὁδ’
568 4448 637 4506 ἐστίν
653 4447 755 4520 ἀπηνής
768 4471 796 4506 τε
810 4447 855 4507 καὶ
870 4448 947 4525 άμεί-
993 4453 1287 4515 cumimpetuaccensus.
1320 4454 1365 4503 lile
1378 4457 1461 4505 autem
1473 4457 1510 4505 cst
1520 4458 1546 4505 et
1559 4456 1627 4506 terox
1636 4458 1662 4506 et
1671 4456 1789 4508 intracta-

158 4534 247 4611 λιχος,
262 4536 503 4616 φιλανθρωπότερος
521 4534 554 4595 τά
570 4540 662 4615 πρῶτα
676 4535 693 4608 ἢ
707 4543 752 4596 νῦν
778 4537 945 4619 φαινόμενος,
993 4542 1047 4591 bilis
1059 4545 1084 4591 et
1098 4543 1139 4605 qui
1155 4542 1285 4591 humanior
1296 4556 1347 4592 esse
1361 4544 1440 4606 prius,
1452 4557 1525 4606 qoem
1537 4556 1615 4605 niuno,
1633 4543 1789 4597 videbatur:

158 4618 216 4678 τότε
232 4622 280 4697 μὲν
295 4624 443 4696 άπατηλαῖς
458 4629 519 4702 γοῦν
538 4622 709 4702 ἐπαγγελίαις
729 4627 887 4704 παρηγορῶν
901 4628 945 4681 νῦν
993 4633 1053 4681 tunc
1065 4632 1164 4694 quidem
1176 4631 1334 4681 fraudulentis
1349 4632 1562 4694 pollicitationibus
1573 4646 1613 4684 me
1630 4635 1788 4695 consoletus;

159 4705 186 4764 δὲ
198 4710 351 4769 παντάπασι
366 4711 411 4770 καλ
432 4711 650 4793 άπιρικαλύπτως
663 4710 697 4770 τδι
717 4712 781 4793 πρύς
795 4736 828 4789 με
843 4716 947 4790 άπαγο-
993 4732 1058 4768 nunc
1071 4722 1153 4770 eutem
1170 4721 1270 4769 omnino
1280 4719 1352 4770 etiarn
1368 4721 1493 4771 manifeste
1506 4723 1588 4774 nostra
1602 4735 1719 4773 recusans
1730 4737 1788 4787 pos-

120 4793 251 4875 εορεύιον.
293 4797 331 4859 Ὃ
346 4799 379 4872 δή
392 4825 424 4878 με
440 4801 486 4859 καὶ
507 4801 674 4882 διαταράττει
690 4804 802 4880 μᾶλλον,
819 4799 856 4878 μή
875 4799 906 4872 δή
921 4825 946 4858 τι
994 4807 1077 4857 tutata.
1109 4809 1179 4867 Quod
1191 4808 1788 4875 memegisperturbat,netortedencbaemeue,

159 4882 220 4961 πιρλ
242 4883 423 4965 Ἀχαιμένους,
446 4878 483 4947 ῶν
506 4892 622 4964 ὑπονοῶ,
648 4889 694 4949 καὶ
717 4889 792 4954 αὐτὸς
813 4888 945 4948 πέπυσται
992 4908 1048 4956 qum
1061 4897 1177 4959 suspicor,
1192 4898 1350 4960 ipsequoque
1363 4897 1480 4958 audierit,
1496 4900 1570 4960 atque
1583 4897 1616 4947 ita
1635 4898 1713 4960 nangis
1733 4913 1788 4952 rem

159 4969 203 5026 καλ
217 4969 295 5029 πλέον
310 4975 507 5057 ᾶποδειλιᾷτήν
521 4978 625 5058 πρᾶξιν.
669 4979 756 5039 Λυπεῖ
769 4980 792 5036 δ’
806 4978 849 5036 ἐπί
864 4987 944 5037 πᾶσιν
992 4984 1102 5048 refugiat.
1136 4986 1264 5035 Enimvero
1277 4986 1453 5049 praeomnibos
1471 4987 1588 5048 meangit
1608 4987 1787 5053 aclionaeus,

159 5055 329 5136 Ἀχαιμένης,
343 5060 369 5129 ὁς
382 5068 427 5122 νῶν
443 5066 558 5142 μηνυτής
572 5071 607 5134 ῶς
621 5067 795 5147 Ὀροονδάτην
809 5066 945 5146 πεπόρευ-
993 5072 1034 5133 qui
1047 5086 1112 5123 nuuc
1127 5072 1200 5123 index
1212 5074 1243 5123 ad
1255 5072 1417 5123 0roondatem
1429 5074 1549 5137 proiectus
1561 5077 1613 5135 est,
1625 5078 1670 5125 aut
1683 5088 1788 5139 persua·

159 5167 214 5216 ται,
237 5142 254 5214 ἢ
280 5148 376 5209 πείσων
398 5151 477 5228 ίσως,
502 5151 519 5222 ἢ
546 5156 576 5215 ού
599 5155 704 5222 πάντως
729 5155 829 5214 άπιστα
852 5154 942 5224 λέξων.
992 5162 1786 5223 surusillitortasse,autnonomninoareroabborentiedictu·
