3726 5692
230 301 264 346 vl
778 283 997 344 PRAEFATIO.
1037 274 1039 281 ⁸

231 413 766 511 adhibeaturbntiquissimum
774 430 820 503 et,
829 415 989 503 nifallor‚
996 415 1572 512 praestantissimum‚Vaticanum
1608 497 1609 501 ς

232 540 385 630 scilicet,
406 564 515 636 quem
538 539 656 610 littera
678 546 703 610 Α
720 540 876 639 signari,
903 555 938 613 et
953 540 1050 612 unde
1065 541 1246 612 fluxerunt
1262 545 1288 612 C
1304 546 1336 611 K
1352 545 1383 612 Ο
1412 547 1460 632 N,
1488 560 1572 615 ante

232 687 359 734 omnes
368 678 512 735 secutus
526 689 617 734 sum.
634 663 688 734 Ad
702 678 848 735 caeteros
864 664 1119 736 tantummodo
1136 664 1299 760 confugi,
1314 664 1377 735 ubi
1392 665 1489 747 nihil,
1510 666 1572 737 ille

231 786 319 858 boni
344 788 612 886 suppeditabat.
633 787 932 860 Gaulminianum
953 790 1061 885 igitur
1077 803 1286 860 contextum
1303 813 1484 886 nusquam
1501 791 1570 861 im-

231 913 368 982 mutavi
378 912 445 982 nisi
460 912 642 983 veteribus
655 912 919 1010 exemplaribus
934 912 1058 1002 fretus,
1071 913 1226 1010 exceptis
1236 912 1455 1009 quibusdam
1465 914 1571 1001 locis,

232 1036 278 1105 ad
289 1061 381 1132 quos
399 1036 578 1108 sanandos
593 1037 750 1134 propriis
765 1036 982 1133 conjecturis
998 1038 1051 1109 uti
1062 1052 1209 1109 coactus
1223 1062 1315 1108 sum.
1335 1043 1388 1109 De
1409 1037 1467 1109 his
1485 1039 1570 1110 bre·

230 1161 321 1230 viter
346 1185 534 1259 exponam.

278 1290 340 1374 lV,
365 1287 400 1356 8.
419 1291 487 1356 Καὶ
502 1285 621 1358 τοιόνδε
645 1289 811 1385 ὅοίγμὸτης
831 1293 908 1386 ἔχει.
928 1286 987 1360 Sic
1006 1290 1144 1360 correxi
1165 1288 1347 1384 vulgatam
1369 1293 1423 1359 καὶ
1442 1288 1532 1371 τόξον
1554 1299 1573 1359 ὅ

231 1414 301 1507 cipp.
326 1417 404 1509 ἔχει.
434 1417 523 1484 Nam
548 1438 652 1485 arcus
676 1413 819 1485 homini
844 1413 933 1485 falce
956 1414 1004 1485 ad
1029 1414 1165 1485 foenum
1184 1414 1380 1485 secandum
1393 1415 1572 1486 instructo

230 1559 380 1631 prorsus
398 1537 535 1609 inutilis
559 1551 631 1627 est,
652 1542 778 1624 BLPQ
792 1542 846 1608 καὶ
863 1533 1008 1627 τόξονδι,
1031 1538 1130 1609 unde
1143 1538 1436 1609 emendationem
1451 1563 1571 1610 meam

231 1658 374 1732 deduxi.

281 1789 341 1874 lv,
365 1791 420 1873 14.
437 1786 553 1881 Vulgo
573 1787 702 1882 legitur
718 1791 743 1857 εἰ
758 1782 792 1856 di
811 1793 1006 1882 κεκρυμμένοι
1020 1793 1146 1867 πένητες
1164 1797 1230 1867 τοῖς
1250 1789 1318 1882 περὶ
1338 1793 1397 1862 τὴν
1421 1801 1480 1882 γῆν
1500 1789 1572 1854 ἐκοί-

232 1916 320 1988 θκντο
337 1916 478 2011 χάσμασι
494 1917 546 1982 καὶ
564 1918 590 1983 εἰ
606 1920 725 1993 τούτοις
739 1911 950 2010 ε’σκὸρπιζεν,ὅ
968 1915 1110 2006 τεχνίτης
1120 1919 1173 1982 οὐκ
1190 1917 1304 2007 ἀφῆκεν
1323 1921 1414 2007 ὅρᾷν,
1432 1913 1469 1981 in
1486 1913 1569 2007 qui·

230 2037 300 2107 bus
316 2062 389 2106 non
406 2037 489 2108 ferri
505 2053 625 2135 potest
637 2040 759 2135 inepta
776 2038 883 2108 lectio
904 2043 1028 2119 πένητες
1042 2062 1152 2134 quam
1169 2037 1312 2107 codices
1327 2061 1455 2107 omnes
1469 2050 1571 2106 tuen-

231 2175 303 2249 tur,
324 2161 505 2257 quodjam
522 2164 598 2259 ipse
613 2163 750 2233 viderat
764 2163 802 2232 in
817 2162 911 2233 notis
926 2163 999 2232 suis
1013 2162 1239 2248 Gaulminus,
1253 2163 1316 2257 qui
1326 2164 1435 2257 ὄρνιθες
1450 2159 1569 2255 legen·

232 2283 321 2354 dum
343 2310 418 2355 esse
441 2285 637 2377 judicabat.
663 2288 828 2375 Correxi,
857 2286 1030 2357 audacius
1053 2286 1217 2364 fortasse,
1242 2291 1431 2381 κεκρυμμένα
1449 2286 1573 2361 uranii

231 2434 311 2505 quae
329 2434 453 2480 sensus
466 2411 693 2507 requirebat,
706 2428 804 2483 ratus
820 2436 947 2483 vocem
959 2418 1084 2491 πένητες
1099 2425 1216 2482 ortam
1232 2436 1307 2481 esse
1322 2435 1365 2481 ex
1378 2409 1571 2480 metathesi

231 2535 494 2607 elementorum
509 2567 524 2605 ν
540 2552 576 2607 et
595 2568 626 2608 τ.
644 2538 739 2623 Quin
761 2539 869 2608 etiam
885 2537 1058 2608 confundi
1072 2551 1225 2634 possunt
1238 2567 1258 2605 α
1277 2550 1313 2606 et
1328 2563 1367 2616 ες.
1385 2535 1468 2607 Vid.
1489 2540 1572 2605 Bast

232 2661 357 2729 Comm.
376 2660 549 2756 paloeogr.
576 2686 612 2757 p.
632 2658 714 2757 765.
736 2664 909 2731 Caeterum
933 2661 1144 2731 Eumathius
1171 2684 1246 2730 non
1273 2659 1382 2730 semel
1407 2659 1573 2756 poeticas

231 2806 338 2854 voces
355 2783 479 2855 solutae
493 2785 648 2856 orationi
663 2786 798 2855 miscet.
810 2785 892 2857 Vid.
909 2784 1129 2857 Boissonade
1141 2767 1188 2855 ad
1202 2783 1412 2855 Choricium
1428 2808 1465 2880 p.
1489 2781 1572 2880 139.

205 2924 209 2932 '
264 2903 322 2995 ¹V,
341 2934 377 3005 9.
397 2909 500 3004 vulg.
523 2909 649 2980 Karidai
670 2912 759 3007 χάρις
776 2911 865 2999 Ξενίῳ
892 2911 959 2980 Διΐ.
987 2909 1131 2980 Correxi
1157 2909 1209 2978 καὶ
1229 2909 1317 2996 Ξενίῳ
1342 2908 1423 2996 Διΐ,
1446 2907 1573 2978 invitis

232 3028 340 3101 codd.
446 3065 449 3071 ·

280 3156 365 3226 ibid.
389 3156 534 3227 Gaulm.
557 3171 593 3228 et
620 3163 653 3227 K
681 3160 732 3226 σὺν
760 3155 874 3253 Ῠσμίνῃ
906 3159 958 3226 καὶ
984 3162 1036 3226 σὺν
1062 3162 1140 3225 ὅσοι.
1170 3161 1209 3225 Β.
1236 3159 1281 3224 Η.
1303 3159 1356 3223 σὺν
1381 3160 1463 3233 ὅσοις
1489 3158 1520 3225 G
1542 3157 1575 3222 L

233 3282 258 3346 P
284 3282 315 3363 Q
341 3283 370 3348 R
392 3284 444 3348 καὶ
471 3277 521 3360 ξὺν
549 3287 642 3360 ὅσοις.
672 3288 753 3375 Leg.
786 3279 836 3361 ξὺν
861 3282 973 3377 ispius]
1000 3282 1053 3349 καὶ
1076 3287 1164 3366 ὅσοι,
1185 3277 1337 3348 subaud.
1368 3289 1433 3358 τοῖς
1463 3277 1572 3357 ἄλλοις

231 3404 331 3499 quod
350 3404 463 3476 babes
485 3406 576 3477 infra
604 3411 647 3496 V,
678 3405 731 3478 15.

285 3555 339 3602 ro.
366 3532 509 3603 Gaulm.
528 3546 563 3603 et
578 3531 687 3602 codd.
706 3534 927 3611 Καλλισθένης.
947 3534 1047 3601 Corr.
1067 3532 1274 3626 Κρατισθένης
1295 3543 1331 3599 et
1345 3526 1439 3599 infra
1469 3551 1506 3596 11
1532 3541 1572 3595 et

237 3658 546 3743 123=vl,2et12.

209 3871 213 3880 .
285 3777 340 3850 15.
371 3780 515 3852 Gaulm.
535 3795 570 3852 et
585 3784 601 3849 I
618 3784 669 3850 σὺν
683 3783 827 3850 Σωσθένιι
845 3779 896 3848 καὶ
910 3779 1025 3870 Πανθίᾳ
1041 3779 1091 3846 καὶ
1111 3783 1190 3856 ὅσοις
1201 3780 1321 3855 τούτοις
1338 3776 1369 3860 ἐξ
1394 3779 1573 3867 Αὐλικώμι-

232 3909 284 3990 doc
306 3912 436 3981 εἵποντο.
461 3909 532 3976 BD
559 3909 590 3975 G
614 3910 646 3975 H
663 3910 689 3975 P
707 3910 738 3975 R
763 3906 816 3973 καὶ
839 3913 905 3984 τοῖς
924 3909 1016 3984 ὅσοις.
1044 3906 1106 3996 LN
1132 3904 1183 3970 καὶ
1200 3913 1265 3981 τοῖς
1286 3907 1361 3970 ὅσοι.
1384 3903 1416 3985 Q
1438 3901 1489 3967 καὶ
1503 3910 1573 3980 τοῖς

232 4036 339 4116 ἄλλοις
358 4042 453 4114 ὅσοις.
474 4037 554 4127 Leg.
572 4033 625 4101 καὶ
638 4040 701 4111 τοῖς
721 4029 826 4110 ἄλλοις
840 4035 918 4099 ὅσοι.

281 4164 347 4248 vl,
366 4160 402 4229 8.
433 4158 576 4230 Gaulm.
601 4153 808 4232 καταὸὅσεται
833 4156 973 4251 χάριτας.
998 4149 1223 4219 Dissentiunt
1247 4145 1355 4219 codd.
1371 4173 1379 4214 ε
1397 4139 1573 4221 noradin-e.-

232 4315 284 4356 ται
299 4290 340 4374 L,
352 4287 398 4372 Q3
414 4277 614 4355 καταδέσιται
628 4275 909 4371 Ηςκαταὸαἷσεται
925 4280 977 4362 G;
994 4271 1232 4346 καταιδαίσεται
1247 4276 1285 4358 Ρ,
1301 4266 1572 4362 Ο;κατιὸέσεται

234 4416 273 4501 Α,
293 4415 338 4500 K,
365 4412 419 4497 N3
437 4400 650 4479 καταιδέσεται
666 4410 695 4494 Ι,
714 4405 815 4502 quod
828 4399 1025 4499 receperim
1043 4398 1110 4470 nisi
1123 4423 1246 4470 sensus
1260 4409 1467 4492 exposceret
1488 4417 1573 4489 quae

233 4514 358 4635 scripsi
379 4531 547 4610 καταὸὅσει
565 4533 622 4611 τὰς
640 4532 779 4626 χάριτας.

282 4703 331 4715 -
355 4685 409 4732 12.
424 4657 568 4730 Gaulm.
586 4663 721 4737 ὡςὸλαις
735 4665 753 4733 i
766 4657 838 4749 κόρη
854 4666 947 4724 τοῦτο
963 4656 1064 4752 χερσὶν
1083 4646 1284 4736 ὑποδέξαιτο,
1301 4653 1341 4725 ὡς
1358 4647 1571 4742 εὐχομιστὸσοι

233 4799 277 4873 τῷ
292 4790 442 4881 σχήματι.
455 4782 547 4856 Dedi
561 4775 736 4868 ὑπεδέξατο,
748 4780 993 4879 praeeuntibus
1007 4785 1065 4852 Hl
1080 4782 1104 4849 P
1120 4780 1152 4862 Q
1169 4780 1212 4863 R,
1227 4787 1263 4845 et
1277 4771 1479 4866 εὐχαρίστοσι
1493 4790 1571 4862 quo

233 4907 389 4981 ducebat
402 4915 450 4998 L,
467 4910 504 4979 in
523 4933 597 5005 quo
609 4907 739 5001 legitur
756 4913 984 5002 ιύχαριστῆσαι.
