3726 5692
762 361 875 421 LIBER
898 361 977 418 Vsst.
1629 369 1684 418 12³

59 495 95 559 εἰς
113 491 144 550 τδ
168 497 216 562 τῆς
241 495 312 570 ἱερᾶς
336 492 434 568 Στυγός
453 490 522 570 ὕδωρ
543 491 665 558 είςύᾶσαν
685 493 729 553 καὶ
752 495 848 569 tropo·
896 497 1053 560 iureiurando
1071 498 1192 557 attirmet,
1209 501 1282 559 utque
1301 499 1324 546 in
1343 511 1417 546 sacrm
1437 498 1516 560 stygis
1534 499 1624 547 iontem
1640 498 1683 547 de·

60 578 179 657 σαμένην
194 579 367 658 ἀπηλλάχθαι
380 584 429 636 τῶν
446 581 635 655 ἐγκλημάτων·
647 580 695 647 τὴν
707 584 729 640 δ’
745 582 848 660 ίτέραν,
896 588 995 637 scendet
1012 602 1018 634 ε
1031 586 1134 647 indeque
1148 586 1258 634 absoluto
1269 586 1405 635 dimittatur
1416 605 1421 633 :
1433 587 1507 635 attero
1521 600 1578 635 roro
1591 587 1651 647 traer,
1662 587 1681 635 si

61 671 83 726 εί
98 668 147 744 μίν
159 668 288 746 τυγχάνει
299 667 378 744 γυνὴ,
398 665 528 724 δουλεύειν
543 670 581 748 τῶ
599 667 729 748 δεσπότῃ·
747 668 851 733 δούλαις
898 676 985 725 mulier
999 678 1044 735 est,
1060 675 1118 724 irero
1132 688 1177 723 suo
1190 675 1332 723 servitutem
1344 675 1433 723 serviat
1448 694 1454 723 z
1468 676 1621 735 nequeenim
1635 689 1687 722 mu·

60 756 115 836 γάρ
127 757 217 833 μόνιιις
228 754 344 831 γυναιξὶν
359 754 456 822 ἔξεστιν
469 756 504 821 εἰς
515 754 558 813 τδν
572 760 617 826 τῆς
630 755 777 837 Ἀρτέμιδος
787 756 850 814 ναὸν
897 764 1005 822 tieribus,
1021 763 1094 812 nisisi
1106 776 1162 825 qum
1171 776 1247 811 servae
1258 763 1314 821 sint,
1327 763 1409 812 Dianas
1420 764 1538 825 tempium
1550 763 1639 823 ingredi
1653 766 1687 812 iss

31 863 48 901 s
63 845 201 923 παριέναι·
222 847 245 902 εἰ
264 843 292 902 δέ
311 865 390 923 φησιν
406 833 472 901 εἶναι
485 842 626 921 παρθένος,
646 848 671 903 is
689 848 727 926 τῷ
741 849 787 916 τῆς
801 842 850 903 σύ-
898 855 935 902 est
950 866 956 899 ι
970 853 1007 901 sin
1021 852 1136 912 virginem
1146 864 1197 900 sese
1208 851 1328 909 aitirmat,
1347 851 1370 899 in
1382 852 1468 901 tistutoe
1481 853 1577 900 autrum
1590 853 1687 900 conctu-

66 957 156 1012 ριγγος
173 932 255 1014 ἄντρῳ
274 933 436 1001 κλεισθῆναι.
479 930 572 1006 Ἡμεῖς
587 931 634 1007 μέν
648 923 692 991 οδν
708 933 781 999 εὐθὺς
797 935 851 991 ε’δε-
898 940 979 991 detur.
1013 943 1076 989 Tum
1087 954 1130 988 nos
1139 939 1301 989 conditionem
1311 941 1392 989 statim
1402 940 1685 1003 accepimusznouenim

66 1022 168 1097 ξάμεθα
186 1022 232 1091 τὴν
249 1019 410 1100 πρόκλησιν·
430 1019 475 1078 καί
494 1021 544 1099 γὰρ
562 1020 668 1099 ᾔδειμεν
689 1022 770 1093 αὐτὴν
791 1025 850 1080 ἐσο-
898 1029 1085 1089 dubitabamus,
1096 1042 1150 1078 eam
1165 1029 1239 1078 iatum
1253 1029 1289 1076 iri.
1319 1030 1521 1092 ureutaquoque,
1534 1030 1635 1089 couirsn,
1648 1030 1686 1077 ni·

66 1109 163 1187 μένην·
176 1113 192 1181 ἡ
204 1107 232 1167 δέ
245 1109 365 1179 Μελίττη
384 1109 539 1188 θαρρήσαοα
552 1113 590 1192 τῷ
602 1112 665 1191 παρ’
679 1109 706 1171 δν
723 1112 851 1187 ἀπεδήμει
899 1117 931 1166 uu
945 1117 967 1165 id
978 1116 1103 1180 temporis,
1114 1130 1163 1179 quo
1173 1117 1323 1166 Thersander
1335 1117 1420 1177 abfuit,
1429 1116 1473 1166 sthi
1484 1130 1593 1174 mecum,
1604 1131 1685 1179 excep

64 1197 157 1278 χρόνον
173 1200 187 1256 θ
201 1197 368 1277 Θέρσανδρος
381 1197 463 1274 μηδέν
477 1222 521 1275 μοι
535 1198 618 1258 κοινὸν
633 1200 697 1279 πρὸς
711 1199 793 1272 αθτην
806 1223 850 1277 γε·
901 1207 931 1254 tis
942 1205 1152 1265 collocutionibus,
1166 1218 1296 1254 commuue
1308 1204 1388 1263 tuisse,
1402 1205 1470 1266 atqui
1480 1219 1524 1267 epo
1533 1220 1639 1268 quoque,
1651 1207 1687 1253 iu-

20 1307 50 1346 ιο
62 1285 165 1366 γονέναι
186 1285 258 1357 πλὴν
273 1287 374 1365 λόγοιν,
394 1286 473 1345 Ἀλλὰ
492 1288 536 1345 καὶ
557 1287 654 1365 ἔγωγε,
673 1287 736 1370 ἔφη,
754 1290 852 1359 ταύτην
900 1295 961 1355 quit,
973 1294 1134 1343 conditionem
1148 1306 1197 1342 non
1207 1306 1309 1354 respuo:
1323 1293 1522 1355 iltudqueetiam,
1535 1293 1599 1355 quod
1609 1294 1686 1342 masi·

59 1376 177 1455 δέχομαι
195 1374 244 1441 τὴν
263 1374 424 1450 πρόκλησιν,
445 1376 490 1432 καὶ
510 1377 548 1434 ἔτι
563 1377 642 1435 πλέον
658 1376 724 1448 αιίτίι
745 1378 852 1457 προστί-
900 1397 966 1433 mum
976 1387 1021 1443 est,
1031 1383 1102 1444 arido,
1114 1384 1234 1433 neminem
1245 1387 1391 1445 prorsusaut
1399 1384 1475 1431 civem
1484 1386 1527 1431 sut
1534 1384 1685 1445 peregrinum

58 1470 142 1540 θιμι·
153 1462 186 1521 τό
197 1460 226 1520 δί
235 1460 369 1540 μέγιστον,
380 1463 434 1520 οὐδ’
446 1455 515 1521 εἶδον
525 1463 555 1521 τὸ
567 1463 694 1544 παράπαν
705 1464 764 1524 οθτι
775 1465 851 1536 ξένον,
900 1472 981 1534 tuisse,
994 1473 1092 1534 quicum
1102 1472 1221 1534 ejusmodi
1231 1472 1289 1521 mihi
1299 1471 1450 1521 cousuetudo
1460 1471 1540 1531 tuerit,
1552 1471 1687 1531 cujusmodi

60 1549 123 1611 ούπ
142 1551 255 1623 πολίτην
276 1549 395 1621 ἥκεινείς
416 1552 538 1627 ὁμιλίαν,
562 1551 607 1610 καὶ
628 1542 664 1611 ῶν
683 1554 786 1631 λέγεις,
808 1553 852 1612 καί
900 1562 950 1622 ipse
968 1562 1011 1612 ais.
1044 1565 1136 1611 verum
1156 1561 1176 1610 si
1196 1575 1276 1610 meum
1296 1561 1354 1610 tutso
1371 1560 1484 1610 detulisse
1499 1574 1588 1610 nomen
1604 1560 1687 1622 ‹lepre-

60 1631 98 1699 ds
121 1640 167 1672 ⁸*
188 1661 218 1698 σε
238 1641 280 1698 δεῖ
296 1640 406 1710 παθεῖν,
429 1639 460 1697 διν
482 1640 645 1722 συκοφάντης
664 1641 751 1723 ἁλῷς
770 1640 809 1703 ’0
828 1666 852 1700 τι
899 1648 1686 1712 treudacio,qucsdotepoensssumemus?Quasjudices,iuquit

22 1750 46 1787 is
61 1727 105 1801 δν,
122 1728 184 1808 Ῑφη,
198 1726 261 1807 δόξῃ
275 1731 455 1808 προστιμῆσαι
467 1728 520 1794 τοῖς
532 1730 676 1797 δικασταῖς.
719 1729 782 1790 Ἐπί
793 1732 852 1788 τού·
898 1736 1062 1798 Thersander,
1080 1738 1223 1787 censuerint.
1259 1741 1310 1787 iioc
1329 1741 1400 1800 pacto
1414 1738 1499 1786 concio
1516 1737 1626 1798 dimissa,
1644 1738 1686 1786 de·

63 1840 116 1883 τοις
139 1815 246 1887 διελύθη
265 1814 295 1873 τδ
313 1816 500 1895 δικαστήριον,
525 1816 571 1874 καὶ
592 1820 628 1885 εἰς
647 1816 695 1889 τὴν
714 1818 852 1898 ὑστεραίαν
900 1829 1043 1889 cretumque
1060 1826 1152 1876 tactum
1168 1829 1220 1886 est,
1240 1830 1267 1874 ut
1282 1826 1396 1888 postridie
1411 1825 1442 1874 de
1453 1826 1630 1875 conditionibus
1642 1842 1685 1875 cx·

61 1904 187 1986 θιάιριατο
201 1902 236 1962 τά
247 1907 293 1975 τῆς
304 1904 473 1984 προκλήσεως
485 1910 549 1983 ἡμῖν
562 1905 691 1983 γενέσθαι.
900 1915 1041 1975 periremur.

101 1993 159 2055 lB'.
172 1996 199 2054 '1'
200 1993 215 2052 δ
226 1991 254 2051 δέ
264 1997 310 2063 τῆς
320 1993 420 2069 Στυγὸς
430 1991 499 2074 θδωρ
511 1983 581 2072 εἶχεν
591 1993 680 2061 οὕτως.
722 1995 853 2074 Παρθένιος
931 2005 984 2051 ΧΗ.
1001 2005 1074 2051 Ροττο
1084 2005 1166 2051 autem
1175 2001 1205 2052 de
1218 2003 1297 2065 Stygis
1309 2003 1375 2051 tonte
1388 2016 1426 2051 res
1437 2003 1471 2051 ita
1483 2003 1557 2051 terme
1570 2016 1596 2050 se
1605 2003 1685 2053 iniret.

61 2074 94 2155 ἦν
105 2080 217 2154 εὐειδὴς,
230 2082 313 2158 όνομα
323 2080 462 2154 Ῥοδῶπις,
473 2082 603 2161 κυνηγίων
612 2085 699 2162 έρῶστι
709 2088 754 2143 καί
765 2083 852 2161 θήρας·
899 2091 973 2151 Virgo
991 2090 1037 2139 nur
1050 2090 1107 2139 olim
1123 2092 1240 2150 formosa,
1261 2090 1384 2152 Rirorlopis
1397 2091 1509 2150 nomine,
1526 2093 1613 2139 venatu
1631 2106 1687 2152 gau·

18 2172 141 2237 mode<
157 2171 267 2249 ταχεῖς,
291 2169 410 2248 εὔστοχοι
430 2171 530 2250 χεῖρες,
552 2169 620 2244 ζώνη
635 2171 681 2230 καὶ
697 2173 792 2252 μίτρα,
809 2176 853 2233 καὶ
900 2178 974 2239 dens,
994 2178 1082 2241 pedum
1097 2179 1239 2240 velocitate,
1256 2179 1426 2241 jaculandique
1440 2178 1524 2241 peritia
1536 2178 1632 2240 insignis
1644 2179 1685 2227 ad·
1782 2210 1787 2221 ·

62 2260 245 2336 άντζωσμένος
265 2261 301 2324 εἰς
318 2258 381 2336 γόνυ
398 2261 498 2337 χιτὼν,
521 2260 567 2318 καί
585 2264 644 2319 κατ’
663 2260 758 2342 ἄνδρας
771 2263 853 2344 μωρὰ
900 2266 1015 2327 modum
1032 2271 1056 2316 et
1072 2266 1210 2328 cingulum,
1227 2269 1251 2317 ct
1263 2268 1374 2330 mitram,
1390 2271 1456 2317 veste
1471 2281 1533 2329 genu
1547 2271 1617 2316 tenus
1630 2281 1686 2316 sue·

60 2352 174 2429 τριχῶν.
225 2347 295 2427 Ὁρᾷ
318 2346 416 2417 ταύτην
439 2345 581 2426 Ἄρτεμις,
605 2348 651 2406 καί
673 2350 782 2428 ἐπῄνει,
808 2351 853 2409 καὶ
899 2356 989 2417 οῖιιοιιι,
1006 2355 1140 2419 capilloque
1151 2356 1260 2405 virorum
1272 2358 1297 2406 in
1309 2356 1409 2406 modurn
1421 2360 1505 2416 tonso,
1525 2360 1618 2419 gestare
1629 2371 1687 2406 con·

61 2439 165 2510 έκάλει,
182 2435 229 2495 καῖ
243 2437 369 2515 σύνθηρον
383 2436 534 2506 ἐποιήσατο,
549 2436 595 2495 καί
608 2437 765 2497 τὰπλεῖστα
780 2440 853 2498 κοινὰ
899 2448 976 2494 sueta.
1022 2448 1082 2494 Eam
1096 2458 1153 2493 curn
1169 2444 1266 2494 vidisset
1283 2446 1455 2508 probassetque
1471 2446 1560 2505 Diana,
1577 2450 1686 2495 vocatam

62 2516 213 2597 ἧνιύταῖς
232 2523 385 2603 θηράματα.
429 2523 508 2583 ‘titt
523 2524 568 2583 καί
586 2523 690 2600 ῶμοσιν
710 2527 750 2587 ἀεί
765 2551 851 2605 παρα·
901 2537 1015 2582 reustum
1034 2546 1116 2583 mcum
1135 2533 1207 2582 duxit
1222 2553 1228 2582 ι
1244 2533 1374 2595 praedaque
1386 2536 1414 2583 ut
1431 2534 1561 2595 plurimum
1575 2535 1637 2583 iuter
1649 2548 1688 2584 css

23 2629 51 2668 τε
65 2613 171 2690 μενεῖν,
191 2611 237 2671 καῖ
254 2610 303 2683 τήν
315 2612 380 2692 πρὸς
394 2611 489 2690 ἄνδρας
500 2611 606 2688 θμιλίαν
621 2622 726 2691 φυγεῖν,
744 2615 790 2675 καὶ
806 2614 853 2685 τὴν
900 2623 1037 2671 οοωσιιισίο
1056 2624 1116 2671 erat
1148 2621 1313 2680 Quamobrem
1334 2622 1373 2671 iiia
1394 2622 1554 2681 virginitatem
1576 2637 1687 2683 serrare,

64 2698 259 2780 δξᾎφροδίτης
270 2697 345 2779 ύὸριν
358 2699 396 2775 μὴ
406 2701 508 2758 παθεῖν.
550 2698 698 2775 Ὤμοσενὴ
712 2701 851 2778 Ῥοδῶπις,
901 2712 1059 2772 virorumque
1068 2709 1267 2760 cousuetudinem
1277 2724 1449 2774 usquequaque
1460 2712 1544 2770 uitare,
1554 2724 1582 2759 ar
1590 2713 1689 2761 Veneris

64 2788 113 2846 seui
131 2786 245 2859 ἤκουσεν
267 2792 284 2857 ἡ
304 2787 461 2867 Ἀφροδίτη,
482 2787 528 2846 καὶ
547 2788 696 2866 ὀργίζεται,
718 2790 763 2847 καί
783 2793 853 2866 apt·
901 2799 1061 2847 contumelias
1078 2812 1203 2861 uunquam
1223 2800 1314 2862 perpeti
1329 2799 1427 2859 iurarit.
1466 2802 1537 2848 iurat
1553 2800 1688 2862 itlrodopis,

66 2881 163 2935 νασθιιι
174 2876 245 2935 θέλει
258 2875 306 2946 τὴν
319 2878 398 2955 κόρην
410 2881 456 2947 τῆς
471 2877 623 2957 ὑπεροψίας.
668 2878 809 2945 Νεανίσκος
822 2870 854 2950 ἦν
900 2889 983 2935 Venus
1001 2887 1083 2948 audit,
1099 2890 1123 2935 et
1141 2887 1176 2935 ira
1193 2890 1331 2947 commota,
1353 2887 1439 2949 puellae
1457 2889 1541 2936 statuit
1553 2888 1688 2950 supertiam

69 2964 191 3047 Ἐφέσιος
208 2964 289 3031 καλός
308 2968 335 3023 έν
352 2965 509 3043 μειρακίοις,
530 2962 589 3024 ὅσον
605 2963 734 3032 Ῥοδῶπις
748 2968 774 3024 έν
790 2990 856 3045 παρ·
902 2975 993 3022 ulcisci.
1028 2978 1100 3024 Forte
1113 2975 1209 3035 accidit,
1226 2977 1253 3023 ut
1265 2974 1402 3024 suoiesmns
1413 2978 1474 3024 essct
1487 2976 1612 3037 Ephesius,
1629 2977 1691 3023 iuter

37 3054 161 3121 πθίνυις.
203 3052 346 3114 Bistonas
359 3053 437 3111 αὐτὸν
454 3054 577 3112 ίκοίλουν·
590 3053 671 3132 έθόρα
684 3053 767 3113 δὲκαὶ
781 3056 856 3122 αθτδς
903 3063 1184 3124 virosroquciorruosus,
1198 3063 1454 3124 atqueintervirgiues
1465 3063 1604 3126 Rirodopis:
1617 3076 1690 3125 quem

75 3145 108 3207 ίις
126 3142 269 3213 Ῥοδῶπις,
288 3141 334 3200 καί
355 3143 404 3213 τὴν
420 3141 571 3222 Ἀφροδίτην
592 3143 687 3218 ὁμοίως
703 3145 750 3201 οὔκ
763 3143 854 3216 η’θελεν
902 3152 1065 3213 Eutirynicum
1081 3150 1244 3212 appeiiatrant.
1279 3154 1301 3200 is
1314 3155 1338 3200 et
1350 3151 1451 3199 venandi
1463 3151 1557 3213 studio,
1573 3153 1689 3214 qrreumd·

80 3230 177 3292 εἰδέναι.
219 3229 283 3291 Ἐπ’
296 3229 462 3310 ἀμφοτέρους.
473 3220 516 3287 οὖν
532 3234 548 3300 ἡ
564 3229 618 3296 θεὸς
634 3230 740 3309 ἔρχεται
754 3232 799 3291 καθ
810 3234 856 3300 τὰς
903 3239 1002 3289 modurn
1022 3240 1156 3303 Rhodopis,
1177 3240 1320 3301 torrebatur,
1340 3241 1392 3288 eta
1409 3240 1516 3288 venereis
1531 3241 1618 3301 pariter
1638 3241 1689 3290 iiie·

82 3318 154 3397 θέρος
170 3320 256 3379 αὗτῶν
274 3322 311 3385 εἰς
327 3318 354 3376 ἓν
373 3319 487 3397 συνάγει.
528 3317 602 3386 Τέως
620 3318 672 3398 γδιρ
686 3311 753 3391 ἦσαν
768 3344 855 3402 κεχω-
902 3328 979 3378 cebris
997 3328 1149 3377 abhorrebat.
1183 3329 1258 3390 igitur
1278 3327 1310 3376 ad
1328 3326 1411 3376 ambos
1428 3341 1454 3376 se
1472 3330 1555 3376 Venus
1573 3329 1689 3390 contulit,

86 3405 203 3481 ριαμίνοι·
222 3411 241 3476 ἡ
262 3406 285 3464 δ’
301 3401 422 3487 Ἄρτεμις
441 3412 584 3478 τηνικαῦτα
602 3408 631 3465 οὐ
652 3412 749 3488 παρῆν.
793 3412 856 3471 Πα-
904 3416 1474 3478 iercsqueabeisagitotas,inuuumcompuiit.
1507 3415 1691 3479 Adirocusque

59 3493 259 3572 ιραστησαμίνη
285 3495 312 3552 δὲ
336 3493 380 3552 τδν
403 3494 459 3553 υἱὸν
479 3495 522 3553 τὸν
544 3494 650 3567 τοξότην
678 3501 695 3568 ἡ
720 3496 855 3579 Ἀφροδίτη
904 3507 999 3566 ternpus
1012 3507 1101 3553 enimn
1116 3519 1141 3554 se
1154 3505 1257 3553 invicem
1271 3504 1373 3566 separati
1386 3507 1467 3563 crsut3
1482 3503 1524 3554 sed
1538 3504 1692 3554 tuncabcret

94 3568 152 3639 ιίτι·
171 3582 289 3655 Τέκνον,
314 3586 401 3662 ζεῦγος
429 3587 505 3641 τοῦτο
528 3587 589 3664 ὁρᾷς
616 3586 786 3666 ἀναφρόδιτον
811 3588 857 3646 καί
905 3594 1126 3645 utanasduuoens
1135 3595 1210 3642 titium
1221 3594 1371 3655 sagittarium
1380 3593 1540 3654 Venusdisit,
1551 3598 1636 3645 Nonne
1645 3595 1692 3645 troc

96 3666 169 3768 Ιγθρδν
179 3674 253 3748 ἡμῶν
267 3671 312 3729 καί
327 3674 378 3728 τῶν
393 3669 526 3750 ἡμετέρων
541 3672 707 3753 μυστηρίων·
723 3677 779 3745 ἡδὲ
793 3700 856 3756 παρ·
905 3696 948 3745 pur
961 3683 1082 3731 abaruoro
1091 3683 1207 3741 utienum,
1218 3682 1261 3744 titi,
1273 3682 1341 3731 notris
1351 3683 1478 3732 etarcsnis
1487 3683 1691 3733 uostrisiuimicos

97 3754 201 3821 tuerat
211 3756 369 3837 θρασύτερον
384 3756 472 3832 ὤμοσε
485 3759 544 3815 κατ’
559 3760 634 3834 ἐμοῦ.
678 3757 760 3840 Ὁρᾷς
773 3761 795 3818 δ’
811 3766 855 3821 αθ·
903 3770 986 3819 vidos?
1005 3771 1078 3831 Quid,
1096 3770 1161 3831 ouon
1178 3771 1256 3832 puelia
1268 3771 1340 3820 etism
1355 3771 1477 3833 conceptis
1489 3772 1570 3821 verbis
1584 3772 1691 3821 audacis·

99 3837 144 3907 ἵθθ
155 3844 193 3902 tat
204 3845 252 3916 τὴν
268 3844 365 3926 ἔλαφον
380 3845 590 3925 συντρέχονταςγ
600 3845 692 3926 'Apici
707 3852 752 3905 καὶ
767 3848 798 3907 σθ
811 3856 858 3922 τῆς
904 3860 992 3907 simum
1005 3871 1062 3906 sane
1074 3861 1158 3907 contro
1170 3872 1209 3907 me
1219 3859 1390 3920 jusjurandum
1398 3859 1504 3919 iuravit?
1516 3862 1552 3909 Tu
1565 3873 1629 3909 nunc
1640 3861 1693 3910 itios

10 3930 14 4019 ζ
72 3924 218 4004 θθθμτςόπθ
229 3933 336 4015 πρώτης
348 3938 394 4004 τῆς
407 3937 539 4015 τολμηρᾶς
553 3934 701 4014 κόρης·καὶ
713 3936 817 4006 πάντως
828 3963 857 4018 γε
904 3960 1001 3997 cervaru
1019 3950 1146 4008 sequentes
1165 3950 1242 3997 cernis
1262 3967 1268 3996 ι
1286 3950 1431 4010 quapropter
1450 3950 1532 3998 venari
1551 3952 1577 3998 tu
1595 3962 1693 4011 quoque

10 4034 15 4109 t
102 4012 171 4077 ἵθτδν
188 4022 261 4101 βέλος
277 4023 469 4102 εύστοχῶτερόν
486 4025 566 4084 ἐστιν.
612 4023 785 4084 Ἐντείνουσιν
805 4031 858 4103 ἀμ·
905 4035 1000 4098 incipe,
1026 4037 1099 4097 atquc
1121 4035 1152 4084 sir
1175 4036 1259 4084 audaci
1285 4037 1364 4101 puelia
1390 4037 1502 4085 uindictae
1524 4037 1619 4086 initium
1646 4040 1690 4087 iac.

10 4184 12 4189 Ι
103 4098 222 4203 {apscede
235 4108 400 4185 τόξα,ἠμίν
415 4110 458 4168 ἐπὶ
470 4110 518 4182 τὴν
530 4112 701 4191 ἔλαφον,θδ’
713 4112 801 4193 Ἔρως
814 4117 857 4174 ε’πῖ
905 4125 991 4174 Teium
1009 4127 1080 4173 tuum
1098 4125 1185 4174 certius
1204 4126 1302 4173 omniuo
1321 4126 1400 4173 turrit.
1436 4128 1544 4174 ttatunc
1562 4129 1648 4186 surim,
1669 4128 1692 4174 iu

10 4236 12 4273 :
105 4196 272 4274 numptius.
311 4198 365 4255 Καὶ
380 4198 521 4277 ἀμφότεροι
535 4199 764 4276 τυγχάνουσι,καἰ
780 4209 796 4273 ἡ
811 4227 858 4261 κυ-
904 4226 1001 4261 cervam
1022 4212 1106 4274 virgo,
1127 4213 1151 4261 in
1171 4213 1286 4274 virginem
1305 4213 1418 4275 Cupido,
1438 4226 1509 4261 arcus
1527 4214 1691 4262 intenderunt.

103 4276 180 4352 ’θῐίτις
193 4283 260 4359 μετὰ
274 4282 322 4354 τὴν
335 4285 416 4363 θη’ραν
431 4278 462 4356 ἦν
477 4287 651 4365 τεθηραμένη.
696 4289 749 4348 Καὶ
759 4281 828 4369 εἶχεν
840 4299 857 4363 ἡ
904 4303 953 4349 Nec
966 4301 1022 4349 vani
1036 4300 1102 4350 tuere
1112 4301 1187 4360 ictus,
1204 4313 1260 4349 narn
1273 4301 1383 4349 venatrix
1396 4302 1468 4350 etiarn
1480 4301 1530 4362 ipsu
1544 4301 1624 4363 prado
1636 4300 1691 4359 tuit,

10 4418 12 4425 .
71 4374 92 4415 fl
103 4357 229 4451 μί’ίλσφος
240 4373 276 4438 εἰς
287 4371 321 4430 τὰ
333 4376 403 4430 νῶτα
413 4372 442 4431 τθ
459 4372 544 4453 βέλος,
561 4374 616 4445 ἡδὲ
627 4377 753 4454 παρθένος
765 4381 800 4444 εἷς
811 4380 857 4449 τὴν
879 4426 882 4439 .
905 4402 933 4436 ac
954 4402 1025 4437 corve
1043 4389 1142 4451 quidem
1158 4390 1182 4438 iu
1201 4402 1283 4449 armo,
1303 4390 1381 4451 puciiu
1405 4403 1463 4439 vcro
1483 4391 1508 4438 in
1526 4390 1599 4437 corde
1618 4388 1693 4437 tetum

101 4454 199 4533 Νμθίαν·
213 4459 243 4518 τδ
258 4460 285 4518 δὲ
302 4463 389 4539 βέλος,
403 4463 541 4522 Εὐθύνικον
553 4464 647 4544 φιλεῖν.
692 4465 817 4545 Δεύτερον
831 4468 857 4525 δὲ
879 4456 882 4481 ³
904 4477 1011 4538 accepit,
1035 4477 1154 4538 cujusce
1171 4477 1208 4526 ris
1226 4477 1287 4535 tuit,
1309 4481 1337 4526 ut
1357 4478 1485 4540 Euthynici
1509 4490 1591 4525 amore
1612 4477 1693 4526 statim

100 4538 136 4596 snt
150 4546 187 4603 eu
203 4552 293 4607 τοῦτον
313 4549 398 4607 οἰστὸν
417 4552 519 4628 ἀφίησι.
567 4552 620 4610 Καὶ
642 4542 709 4609 εἶδον
731 4554 858 4624 ἀλλήλους
905 4565 1137 4626 flagraretzaiteram
1146 4565 1170 4613 in
1178 4565 1243 4614 huuc
1252 4566 1362 4628 sagittam
1374 4566 1456 4614 mittit.
1490 4564 1693 4620 Actumouidcm

99 4627 450 4705 ΕίθύνικοςκαὶὴἹ)οδῶπις.
493 4640 548 4698 Καὶ
559 4639 673 4711 ἔστησαν
686 4640 733 4717 μὲν
745 4641 775 4699 τὸ
786 4644 858 4720 πρῶ·
906 4656 992 4703 mutuo
1010 4667 1061 4703 sese
1076 4653 1197 4712 contueri,
1216 4655 1290 4716 sique
1306 4656 1367 4703 niter
1384 4655 1408 4702 iu
1420 4654 1523 4703 aiterum
1537 4653 1638 4702 obtutus
1651 4654 1693 4704 de·

97 4736 132 4775 τω
156 4722 209 4791 rob<
232 4724 381 4805 ὀφθαλμούς
407 4727 546 4806 ἑκάτεροι,
576 4730 717 4808 μηδέτερος
741 4733 858 4791 ἐκκλῖναι
907 4742 978 4802 figere
988 4745 1122 4804 cmperunt,
1137 4745 1210 4804 etque
1222 4743 1297 4804 adeo,
1313 4748 1340 4792 ut
1355 4746 1439 4792 neuter
1451 4743 1474 4791 in
1484 4741 1606 4792 diversum
1618 4744 1694 4792 aciem

58 4832 80 4871 tt
94 4804 410 4894 θθιινὲιιὶοάτιρακατὰ
421 4816 513 4894 μικρὸν
528 4816 597 4875 δὲτὰ
609 4818 749 4897 τραύματα
762 4823 858 4901 ἀμφοῖν
907 4831 979 4879 veltet
998 4831 1121 4880 inclinare.
1156 4833 1278 4881 ceterum
1296 4832 1421 4894 utriusque
1438 4832 1536 4880 vulnera
1551 4833 1622 4893 pauio
1641 4836 1693 4893 post

92 4892 229 4973 ίξάτςσται,
247 4901 294 4961 καὶ
308 4902 401 4970 αὐτοὺς
416 4903 531 4982 όἸίρως
548 4903 650 4964 ἐλαύνει
664 4905 732 4964 κατδι
744 4910 814 4967 τουτὶ
829 4911 859 4968 τὸ
905 4918 1043 4969 cicatricem
1052 4919 1215 4981 obduxerunt,
1227 4934 1343 4982 amorque
1355 4920 1408 4969 iitos
1419 4920 1442 4968 in
1456 4922 1563 4978 antrum,
1578 4919 1618 4968 ubi
1629 4933 1693 4969 nunc

89 4982 184 5069 ἄντρον,
204 4979 233 5047 ού
249 4994 295 5047 νῦν
309 4993 411 5061 ἐστινὴ
430 4993 504 5068 πηγὴ
511 5039 518 5063 ,
538 4991 583 5050 καί
601 4995 713 5051 ένταθθα
727 4994 770 5052 τδν
785 4992 858 5074 όρκον
907 5010 959 5057 sons
981 5012 1035 5067 est,
1058 5007 1176 5068 deduxit,
1199 5008 1239 5056 ubi
1258 5007 1412 5069 jurisjurandi
1436 5007 1495 5057 tides
1515 5009 1628 5071 abrogata
1648 5013 1693 5058 est.

10 5086 16 5137 t
86 5073 225 5156 δοίδονται.
269 5076 304 5139 Ἡ
320 5075 441 5158 Ἄρτεμις
450 5086 498 5162 δρᾷ
508 5079 555 5151 τὴν
568 5079 719 5162 Ἀφροδίτην
731 5083 859 5159 γελῶσαν,
907 5100 991 5146 Postea
1013 5110 1070 5145 cum
1092 5095 1210 5145 ridentem
1228 5096 1306 5146 Diona
1328 5099 1445 5146 Venerem
1468 5098 1622 5159 conspicata,
1644 5111 1695 5146 rem

85 5166 126 5225 καί
137 5165 292 5249 τδπρσχθίν
308 5168 426 5242 συνίησι,
446 5171 491 5227 καὶ
506 5171 541 5236 εἰς
555 5168 624 5247 ὕδωρ
638 5170 693 5230 λύει
704 5171 752 5241 τὴν
767 5172 857 5252 κόρην,
906 5184 1071 5247 cognovisset,
1091 5184 1197 5247 pueitsm
1217 5184 1242 5233 in
1258 5183 1349 5243 iontem
1367 5184 1430 5247 iiiic,
1448 5185 1489 5234 ubi
1502 5185 1618 5246 pudorem
1633 5184 1695 5232 ami-
