3726 5692
338 357 395 400 1111
899 336 1118 395 PRAEFATIO.

384 514 434 524 -
450 495 506 540 21.
533 469 674 540 Gaulnt.
695 468 785 538 Ᾱλλὰ
795 470 1002 564 κατέψευσμαι
1015 472 1049 539 τὸ
1064 473 1218 562 κηρύκιον·
1238 463 1347 561 ἔρωτα
1361 464 1462 538 παῖδα
1478 470 1550 548 Διὸς
1564 470 1681 546 nitra).-

335 592 477 688 λαξοὶμην
494 605 621 689 πατρός·
634 596 687 663 καὶ
701 597 774 674 Ζεὺς
786 600 819 663 οὐ
837 597 1047 689 καταστερίσει
1065 594 1106 662 τὰ
1123 596 1190 661 καθ’
1206 601 1299 687 ἡμᾶς.
1318 611 1344 664 A
1353 608 1381 663 H
1394 593 1473 664 Ᾰλλ’
1494 599 1530 663 ὤ.
1547 597 1579 665 G
1597 591 1679 663 lll’

336 727 382 789 οὐ.
406 725 432 789 Β
450 718 528 789 lta*
548 724 584 790 εἰ.
606 725 641 789 L.
662 719 740 789 lat*
760 722 777 796 ἢ
797 735 832 790 et
854 721 1008 791 correxit
1027 721 1072 793 ad
1088 747 1197 820 marg.
1220 727 1244 792 εἰ
1262 720 1363 819 quod
1379 721 1509 818 recepi.
1530 725 1610 791 Irno
1627 722 1679 790 καὶ

336 843 462 915 addidi
482 860 565 916 ante
583 839 693 940 ipone
709 858 745 916 et
759 845 875 916 delevi
892 860 976 916 ante
989 851 1071 927 Ζεύς.

386 1012 434 1021 -
457 996 515 1039 22.
536 969 677 1040 Ganlm.
704 974 729 1039 εἰ
753 977 785 1039 οὐ
806 974 1018 1066 καταστερίσει
1036 974 1089 1041 καὶ
1110 973 1152 1042 τὰ
1167 978 1234 1043 καθ’
1254 980 1335 1067 ἡμᾶς
1357 973 1376 1048 ἢ
1397 968 1551 1042 Ποσειδῶν
1575 997 1676 1041 κατα-

338 1103 581 1192 στηλογραφήσει
608 1109 673 1177 τοῖς
689 1092 818 1186 ὕδασιν,
841 1092 859 1174 ἢ
883 1113 926 1176 Γῆ
947 1105 988 1195 μὴ
1011 1106 1293 1196 καταφυτουργάσει
1319 1110 1384 1180 τοῖς
1411 1108 1515 1193 φυτοῖς
1537 1098 1679 1178 καὶτοῖς

337 1224 464 1314 ἄνθεσιν,
475 1226 546 1293 ἀλλ’
560 1234 599 1305 ὡς
611 1254 641 1297 κ.
656 1254 687 1292 τ.
701 1234 733 1293 l.
748 1225 874 1296 Delevi
885 1230 939 1296 καὶ
957 1227 1093 1298 antesin
1107 1227 1173 1298 καθ’
1186 1235 1278 1323 ἡμᾶς,
1290 1239 1429 1297 mutato
1445 1226 1513 1302 itin
1530 1228 1556 1294 ei
1572 1225 1676 1321 q'uod

338 1345 426 1417 dant
446 1347 613 1445 plerique
628 1348 786 1439 codices,
804 1364 839 1420 et
862 1351 986 1422 iteravi
1001 1359 1034 1421 οὐ
1053 1366 1136 1449 post
1152 1375 1278 1421 vocem
1290 1344 1451 1437 Ποσειδῶν,
1465 1350 1599 1447 praerio
1628 1346 1670 1411 A·

385 1471 494 1564 Quod
510 1471 556 1543 ad
576 1476 775 1544 versionem
798 1473 946 1544 latinam
968 1478 1112 1559 attinet,
1134 1474 1448 1560 Gaulminianam‚
1468 1472 1677 1570 elegantem

337 1593 506 1688 quidem,
527 1595 589 1698 sed
613 1598 830 1694 plerumque
856 1596 1162 1687 infidelissimam,
1189 1595 1437 1695 refingendam
1460 1621 1536 1667 esse
1561 1595 1674 1686 duxi,

337 1723 484 1791 servatis
496 1735 638 1791 tantum
652 1746 732 1818 quae
744 1725 877 1793 servari
895 1737 1072 1819 poterant.
1084 1726 1301 1794 Contentum
1315 1736 1436 1793 autem
1450 1745 1560 1817 quem
1573 1720 1677 1793 nulla

337 1848 404 1915 nisi
418 1845 598 1915 librorum
615 1843 790 1917 divisione
810 1845 973 1918 distinxit
989 1847 1228 1935 Gaulminus,
1246 1871 1311 1945 per
1329 1821 1575 1946 paragraphos
1601 1850 1678 1917 sive

336 1975 512 2043 rectiones
528 1975 684 2043 minores
704 1976 856 2069 partitus
873 1999 972 2063 sum,
988 1989 1034 2048 ut
1053 1978 1170 2044 minus
1185 1971 1332 2044 taedium
1347 1969 1479 2043 laceret
1495 1958 1687 2070 'graeculus'
1718 2050 1721 2057 ,

336 2111 458 2167 noster
473 2095 693 2192 legentibus,
707 2094 787 2168 data
804 2095 1002 2168 identidem
1018 2095 1322 2193 interquiescendi
1345 2099 1546 2167 occasione.
1578 2097 1590 2114 “

385 2225 541 2316 Operam
558 2244 704 2291 omnem
721 2219 805 2291 dedi
819 2237 860 2292 ut
879 2225 999 2293 omnia
1013 2246 1122 2318 quam
1142 2224 1407 2292 accuratissime
1423 2224 1519 2318 typis
1538 2219 1674 2292 descri-

336 2341 529 2431 berentur3
543 2347 571 2414 si
587 2343 678 2441 quid
692 2368 748 2416 me
764 2345 867 2444 sugit,
881 2350 1044 2446 ignoscas
1056 2346 1198 2432 ‚lector
1209 2344 1397 2418 benevole.
1415 2342 1513 2432 Vale,
1529 2348 1675 2415 nostris·

336 2491 408 2562 qne
426 2467 618 2542 conatibus
638 2470 787 2544 feliciter
802 2486 913 2543 utere.
1673 2478 1678 2484 ’
