3726 5692
783 341 896 400 niusa
920 341 957 398 u.
1643 357 1679 405 55

53 472 138 549 ίίαμά
152 474 224 531 ἔστιν
239 471 385 551 αἴσχιστον,
399 470 534 551 μειράκιον
549 470 576 540 ἐξ
591 471 691 551 ὀνύχων
707 471 841 550 κρεμάμε·
891 494 966 543 quum
982 484 1079 544 aspectu
1101 482 1174 531 eliam
1194 482 1285 531 toedum
1306 482 1338 531 sit
1354 482 1492 532 adolescens
1510 496 1540 532 ex
1559 486 1681 544 unguibus

51 587 104 623 νον.
149 560 275 637 Σιμίλην
295 563 318 618 δ’
342 561 378 626 είς
397 560 506 638 οὐρανὸν
533 558 681 638 ἀνήγαγεν,
702 563 749 618 οὐκ
776 560 843 639 ὄρνις
892 570 1006 632 pendens.
1040 572 1149 620 semelen
1166 584 1214 619 non
1229 571 1358 619 cruditora
1377 570 1494 633 volucris,
1509 571 1551 620 sed
1569 572 1681 633 tiammo,

52 649 180 728 ὠμηστὴς
201 649 272 708 ἀλλὰ
294 653 357 726 πῦρ.
403 649 457 707 Καὶ
472 648 509 723 μὴ
525 649 674 728 θαυμάσῃς,
690 651 712 706 εί
727 649 770 706 διὰ
792 673 841 706 πν-
890 658 914 707 in
927 660 1016 708 coelum
1026 661 1132 710 sustulit.
1165 651 1216 710 Nec
1225 672 1284 708 sero
1299 659 1389 708 mirum
1404 660 1447 709 tibi
1457 661 1576 724 rideatur,
1589 662 1681 725 aliquos

54 739 95 818 ράς
116 763 157 807 τις
177 738 313 797 madalvei
334 739 369 803 είς
383 736 500 817 οὐρανόν.
542 736 636 803 Οὕτως
660 737 741 809 άνέὸη
756 737 842 816 Ἥρα·
891 746 944 808 igne
963 747 1070 797 sublatos
1085 748 1109 796 in
1126 747 1216 796 coelum
1230 747 1380 797 adscendisse
1392 749 1409 797 ιι
1436 751 1595 812 nequeenim
1620 753 1681 799 ller-

29 830 134 901 ιιιλῆς.
176 830 211 889 El
230 826 259 885 δὲ
281 825 387 897 Δανάης
409 825 456 896 τὴν
478 825 596 906 λάρνακα
614 828 706 905 γελᾷς,
728 830 782 892 πῶς
800 825 843 883 τὸν
891 836 959 885 cules
972 836 1020 885 alio
1036 839 1107 899 pacto
1121 835 1237 885 aseendit.
1273 835 1344 895 Quod
1358 836 1378 885 si
1392 839 1487 886 Danaes
1501 850 1583 886 arcam
1604 838 1682 902 rides,

55 917 289 998 Πιραέασιωπᾷςς
299 913 435 993 Ἀλκμήνῃ
449 912 476 972 δέ
487 919 564 973 τοῦτο
577 915 654 990 μόνον
668 917 750 995 δῶρον
760 915 843 993 ἀρκεῖ,
891 937 934 972 cur
950 925 1028 973 Persei
1048 924 1195 973 mentionem
1215 937 1265 973 non
1285 923 1359 973 iacis?
1384 924 1506 974 Alcmenae
1523 925 1585 974 illud
1607 938 1682 975 unum

56 1007 94 1064 ὅτι
105 1005 139 1064 δι’
148 1005 228 1077 αὐτὴν
241 1001 448 1084 ἔκλεψενὸΖείις
457 1011 525 1083 τρεῖς
539 1003 612 1069 ὅλους
622 1003 722 1074 ἡλίους.
767 1005 801 1062 Εἰ
817 1002 843 1061 δὲ
892 1026 980 1062 munus
997 1014 1056 1062 satis
1076 1014 1133 1075 tuit,
1158 1019 1245 1064 lovem
1267 1017 1317 1064 tres
1338 1016 1442 1077 integros
1464 1015 1516 1076 ejus
1537 1028 1609 1065 eausa
1628 1015 1680 1066 dics

58 1096 95 1154 δεῖ
105 1094 219 1173 μεθέντα
236 1094 283 1161 τάς
304 1091 476 1170 μυθολογίας,
496 1089 577 1162 αὐτὴν
594 1091 675 1149 εἰπεῖν
687 1090 735 1162 τλν
751 1095 777 1150 ἐν
792 1092 844 1160 τοῖς
892 1101 984 1151 mundo
996 1102 1118 1165 eripuisse.
1151 1104 1215 1152 acsi
1232 1103 1320 1152 tubulis
1335 1103 1442 1162 omissis,
1452 1116 1517 1153 verae
1533 1104 1680 1166 voluptatis,

60 1184 137 1264 ἔργοις
149 1180 260 1258 ἡδονὴν,
272 1181 324 1259 ἐγὼ
337 1178 384 1253 μὲν
398 1177 622 1260 πρωτάπειροςῶν
638 1179 697 1239 ὅσον
710 1183 745 1244 είς
757 1189 845 1257 γυναῖ-
891 1204 947 1253 quae
968 1191 1078 1241 muliebri
1095 1205 1127 1241 ex
1144 1205 1190 1242 usu
1210 1193 1352 1254 percipitur,
1366 1192 1514 1242 mentionem
1530 1193 1607 1242 lacere
1619 1206 1680 1255 opus

33 1294 110 1343 ιοιιτς,
121 1269 258 1346 ὁμιλήσας
271 1269 328 1335 ταῖς
340 1270 376 1336 είς
389 1267 542 1348 Ἀφροδίτην
555 1266 751 1342 πωλουμέναις·
767 1267 845 1334 ἄλλος
891 1280 940 1341 cst,
959 1293 1003 1341 ego
1021 1279 1134 1329 mulieres
1149 1280 1254 1344 primum
1266 1281 1338 1329 modo
1359 1283 1487 1343 expertus,
1498 1283 1617 1343 quantum
1628 1280 1681 1344 qui-

62 1358 102 1438 γλρ
126 1359 158 1418 διν
172 1358 240 1425 ἴσως
261 1361 342 1416 εἰπεῖν
366 1381 392 1416 τι
404 1358 459 1414 ’καὶ
477 1356 556 1416 πλέον
581 1355 637 1435 ἔχοι
663 1357 844 1432 μεμυημένος·
891 1367 947 1417 dem
961 1381 1018 1417 eum
1028 1369 1067 1428 iis,
1077 1382 1133 1431 quiae
1144 1369 1220 1431 pretio
1230 1371 1353 1431 prostant,
1364 1368 1444 1429 licuit,
1457 1369 1518 1419 torte
1528 1371 1592 1418 enim
1606 1383 1679 1432 expe-

66 1448 188 1528 ιίρῆσεται
202 1448 231 1506 δι’
246 1470 305 1524 μοι,
322 1445 372 1505 κᾶν
388 1445 499 1525 μετρίως
519 1445 574 1524 ἔχω
591 1445 693 1524 πείρας.
738 1444 845 1512 Γυναιξί
892 1456 991 1506 rieutior
1002 1457 1088 1518 aliquis
1103 1457 1171 1519 plura
1186 1457 1265 1506 dioere
1275 1460 1364 1520 queat,
1377 1472 1436 1519 ego,
1455 1458 1573 1521 inquam,
1585 1459 1679 1508 tametsi

70 1539 103 1614 μὲν
115 1528 159 1596 οὖν
171 1536 251 1617 ὑγρὸν
266 1536 314 1612 μὲν
326 1535 356 1593 τὸ
372 1538 450 1612 σῶμα
465 1538 492 1593 ἐν
507 1542 564 1600 ταῖς
585 1534 762 1610 συμπλοκαῖς,
776 1533 844 1609 μαλ·
892 1545 963 1606 liujus
971 1545 1005 1594 rei
1011 1546 1121 1594 modicus
1131 1545 1189 1593 mibi
1198 1559 1257 1595 usus
1267 1545 1339 1605 adsit,
1349 1545 1428 1595 dicam
1438 1550 1530 1607 tamen,
1541 1547 1683 1597 mulieribus

73 1624 210 1684 ίαιίιδὲτίι
223 1623 302 1705 χείλη
318 1623 382 1704 πρὸς
397 1623 431 1682 τδι
446 1622 593 1703 φιλήματα.
636 1621 691 1681 Καὶ
705 1620 747 1678 διδ
770 1626 846 1678 τοῦτο
893 1647 979 1694 corpus
996 1630 1115 1697 ‘amplexu
1147 1637 1271 1693 tenerum,
1298 1634 1363 1682 labra
1391 1634 1484 1682 basiatu
1513 1635 1595 1683 mollia
1621 1647 1681 1685 esse.

53 1715 109 1792 up'u
123 1711 176 1793 ἔχει
197 1712 228 1771 τὸ
252 1716 332 1789 σῶμα
353 1714 379 1769 ἕν
401 1720 453 1777 τοῖς
469 1710 676 1789 ἀγκαλίσμασιν,
699 1710 726 1766 ἐν
748 1707 774 1766 δὲ
790 1717 846 1774 ταῖς
893 1724 972 1784 Atque
982 1721 1026 1770 lrac
1045 1721 1076 1771 de
1089 1735 1161 1771 causa
1171 1722 1257 1770 mulier
1275 1734 1331 1770 ctum
1343 1722 1421 1782 ulnas,
1432 1725 1484 1770 tum
1494 1736 1603 1781 earnem,
1614 1723 1646 1771 ad
1658 1723 1682 1771 id

80 1801 146 1881 ιιρΐιν
159 1802 226 1868 ὅλως
247 1798 448 1881 ἐνηρμοσμένον.
493 1799 548 1858 Καί
565 1823 622 1865 πως
637 1797 786 1877 ἐγκείμενον
799 1819 845 1854 πε·
892 1811 1058 1873 omninoapte
1073 1810 1323 1860 ooulormatasorlita
1338 1814 1383 1860 est.
1417 1812 1531 1873 sanequi
1551 1812 1582 1860 ad
1596 1812 1682 1861 mulic·

85 1890 176 1971 ριίέλλει
188 1889 237 1962 τὴν
259 1888 365 1961 ἡδονὴν,
387 1888 482 1966 ἐγγίζει
503 1885 530 1944 δὲ
552 1888 604 1953 τοῖς
621 1886 737 1966 χειλιαιν
757 1885 846 1962 ὥσπερ
894 1900 1549 1963 τειιιεεεοορρΙὶεεῐ,ἰινοτενοΙυριιιειιιαιιιρίιοιίίυι,
1561 1900 1684 1962 labrisque

87 1982 201 2060 ιρραγῑδας
223 1977 257 2037 τδι
271 1976 421 2058 φιλήματα.
458 1977 540 2035 Φιλεῒ
553 1975 581 2032 δὲ
596 1975 675 2053 τέχνῃ
691 1972 737 2032 καί
752 1972 846 2032 σκευαί·
893 1988 992 2048 oscula,
1009 1993 1124 2050 tauquam
1141 1987 1182 2050 qui
1192 1987 1258 2048 sigua
1272 1988 1296 2036 in
1311 1987 1419 2049 epistolis
1431 1987 1538 2049 apponit,
1554 1988 1680 2050 imprimit.

89 2067 254 2149 ίιιιλγίλημα
275 2063 444 2145 γλυκύτερον.
488 2066 528 2124 Οὐ
543 2061 597 2142 γδιρ
613 2061 691 2139 μόνον
711 2061 792 2120 ἐθέλει
805 2086 846 2141 pt·
895 2078 939 2126 illa
958 2090 1017 2125 vero
1031 2076 1161 2125 artificiose
1175 2077 1310 2137 oaerslatur,
1328 2076 1467 2139 majoreque
1487 2076 1585 2125 condita
1600 2077 1682 2125 suari-

65 2159 129 2217 ινδιῖν
139 2157 183 2223 ταῖς
192 2156 327 2235 χείλεσιν,
343 2151 412 2211 ἄλλα
427 2151 472 2210 καί
493 2158 547 2218 ταῖς
563 2153 651 2209 ὄδνῧαι
666 2148 847 2226 ανμὸαλλιται
894 2167 943 2215 tate
954 2165 1020 2214 basia
1031 2165 1122 2228 praebet
1136 2185 1142 2214 ι
1156 2178 1205 2213 non
1216 2166 1296 2214 solum
1307 2167 1371 2213 euim
1389 2164 1461 2213 labris
1472 2165 1576 2214 suaviori
1586 2168 1623 2214 sat
1639 2166 1682 2213 lra-

93 2244 124 2302 καί
132 2245 179 2324 περί
191 2244 221 2303 τὸ
234 2247 280 2303 τοῦ
294 2245 430 2322 φιλοῦντος
444 2240 530 2317 στόμα
552 2239 677 2319 βόααιιαι
697 2239 741 2296 καὶ
760 2237 847 2296 δάκνει
894 2254 943 2315 bet,
959 2254 1086 2303 sedetiam
1106 2253 1220 2303 dentibus
1230 2253 1351 2315 confligit,
1367 2256 1391 2301 et
1405 2255 1497 2303 circum
1514 2254 1629 2302 basiantis
1640 2267 1684 2302 ora

10 2402 13 2413 Ι
94 2333 262 2414 τίριλήματα.
305 2331 388 2411 Ἔχει
406 2329 433 2389 δέ
452 2354 510 2388 τινα
525 2329 570 2388 καί
586 2328 685 2406 μασθὸς
701 2327 846 2409 ἕπαφώμι·
894 2343 1040 2406 depascitur,
1051 2356 1080 2391 ac
1091 2342 1158 2392 basia
1168 2344 1220 2405 ipse
1229 2342 1330 2391 mandit.
1356 2345 1413 2392 Jam
1424 2354 1483 2391 reru
1492 2342 1564 2391 etiam
1575 2343 1599 2390 in
1608 2355 1684 2391 mam-

95 2444 124 2487 ια
138 2421 335 2494 altissidorensi.
379 2421 428 2480 Ἐν
448 2418 475 2476 δὲ
490 2423 523 2498 τῇ
545 2423 591 2490 τῆς
606 2416 759 2498 ’Λφραδίτης
774 2418 847 2494 αἰαμῇ
894 2444 989 2480 marum
1005 2432 1135 2481 attrectatu
1146 2444 1195 2480 uon
1210 2430 1359 2493 aspernanda
1369 2429 1483 2492 quaedam
1496 2431 1558 2479 inest
1572 2430 1684 2491 jucundi·

10 2544 13 2565 r
97 2509 164 2590 οίστριῑ
180 2510 225 2588 μὲν
247 2511 291 2591 ὑφ’
311 2510 423 2580 ἡδονῆς,
444 2505 600 2586 περικὲχηνι
626 2504 652 2564 δὲ
670 2508 780 2584 φιλοῦσα
803 2505 848 2562 καὶ
895 2523 941 2570 tas.
975 2520 1066 2582 lnipso
1079 2520 1162 2569 autem
1175 2519 1684 2581 renereioomplexuscaloro,uoluptate,

71 2601 193 2671 ιιγιίιιιαι.
235 2602 272 2660 Αί
284 2597 312 2657 δὲ
323 2599 440 2675 γλῶτται
453 2601 544 2654 τοῦτον
558 2594 602 2654 τδν
616 2594 710 2675 χρόνον
724 2596 847 2674 φοιτῶσιν
895 2609 963 2671 quasi
974 2610 1057 2667 oestro,
1067 2607 1198 2667 concitata,
1210 2608 1235 2657 et
1245 2607 1342 2655 basians
1354 2605 1459 2665 mordet,
1470 2607 1494 2654 et
1510 2606 1605 2654 insanit.
1632 2608 1685 2654 tum

10 2704 16 2717 ·
100 2686 191 2759 malote
209 2691 244 2756 είς
258 2686 364 2764 ὁμιλίαν
386 2684 432 2753 καί
451 2687 486 2751 ὡς
507 2681 630 2743 δύνανται
648 2686 782 2762 βιάζονται
796 2685 847 2740 αα·
895 2698 983 2760 linguae
1008 2698 1093 2746 nmtuo
1109 2698 1275 2754 concurrunt,
1295 2708 1325 2744 ao
1338 2708 1364 2744 se
1379 2695 1452 2757 ipsae,
1472 2693 1551 2755 quoad
1567 2695 1617 2755 ejus
1634 2692 1685 2742 sieri

99 2774 155 2883 {filet
173 2780 262 2860 φιλεῖν.
310 2773 352 2836 full
379 2773 407 2832 δὲ
430 2773 535 2852 μιίζανα
559 2781 648 2878 παγαῖςρ
665 2771 712 2842 τὴν
739 2770 846 2843 ἡδονὴν,
896 2791 1106 2855 potest,osculari
1119 2791 1237 2840 nituntur.
1268 2788 1450 2838 Turerobasia
1467 2787 1493 2835 in
1507 2793 1616 2848 apertum
1629 2799 1684 2848 pro-

10 2946 12 2953 Ι
99 2885 176 2976 mem
194 2867 226 2925 τία
242 2864 391 2946 <illidim-
431 2862 506 2970 'nib‘
526 2860 552 2918 δὲ
573 2884 603 2918 ³⁰
619 2883 704 2972 ‘'Sil“
726 2859 789 2918 αὐτὸ
804 2863 849 2966 τῆξ
897 2887 973 2935 iercna
984 2887 1134 2948 voluptatem
1146 2884 1225 2934 reddis
1234 2885 1360 2946 majorem.
1394 2882 1444 2933 sub
1454 2883 1534 2944 ipsum
1545 2893 1686 2943 congressus

10 2974 13 2993 '
102 2954 471 3065 ίίίίδίῖλίῆίυνὴλῑνομῑνῇ
492 2948 849 3061 ²16imm⁰²⁶?ll0‘4l‘u‘lf'ffl'
897 2980 968 3029 duem
987 2979 1121 3028 dulcedinis
1140 2978 1227 3028 ardore
1248 2978 1353 3039 quodam
1374 2977 1439 3025 ricla
1464 2975 1552 3023 mulier
1573 2974 1686 3023 animiam

68 3048 250 3120 ”mmm
273 3046 377 3116 ἡδονηί·
427 3044 467 3101 ΤΟ
491 3041 513 3098 δ’
536 3031 625 3115 ἆσθμα
648 3061 694 3096 ⁶⁰⁹
720 3060 850 3114 'mum
897 3075 1037 3133 consuerit,
1059 3072 1180 3121 anhelitus
1199 3078 1280 3120 autem
1302 3068 1579 3131 liuiusmodlamatorio
1599 3069 1685 3131 spiritu

166 3138 180 3152 u
228 3134 236 3155 ι
319 3136 336 3150 η
402 3136 419 3151 η
482 3127 489 3149 r
589 3150 595 3160 ,
722 3128 730 3147 ι
814 3125 820 3143 ι

10 3204 13 3251 γ
96 3131 354 3282 mamam
374 3153 425 3277 ΞΣ)
441 3125 850 3284 ἓῒμαῖλοὲαἱῗῗέῖἔγαέῗῗζῦρίζί
897 3170 1028 3219 comitatus
1039 3167 1069 3217 ad
1080 3180 1176 3216 summa
1187 3167 1253 3215 labra
1264 3166 1387 3228 peruenit,
1400 3165 1540 3226 errantique
1550 3164 1647 3223 osculo,
1662 3166 1687 3211 et

10 3260 14 3317 ί
92 3242 184 3384 ἓξὲξ
199 3248 262 3369 ζει,
309 3245 445 3368 οάἰσχέ
465 3277 493 3367 ἐν
507 3241 595 3364 Ϊεσὲν
610 3309 647 3364 τῶ
670 3304 718 3363 ἄσθ
743 3256 785 3362 α’τι
806 3301 850 3361 καὶ
897 3265 928 3313 ad
944 3265 1004 3312 imas
1019 3262 1123 3325 pectoris
1138 3263 1217 3323 partes
1233 3258 1377 3308 descendere
1398 3259 1515 3320 quaercnti
1531 3257 1628 3305 obuiam
1649 3256 1685 3305 sit.

185 3335 303 3371 “xm
418 3330 464 3388 ρφ
634 3368 639 3384 ·
721 3329 740 3380 μ
897 3363 966 3409 Tune
984 3357 1077 3406 basium
1095 3356 1146 3418 ipso
1165 3368 1220 3403 eum
1240 3354 1347 3403 anhelitu
1366 3352 1508 3414 regreditur,
1524 3351 1645 3412 amboque
1662 3350 1686 3398 in

89 3396 215 3479 οίρίλημα
235 3399 281 3461 καί
303 3395 394 3477 μιχθὲν
419 3394 574 3455 ἕπεταικαὶ
597 3393 689 3472 βάλλει
712 3392 759 3463 τὴν
783 3416 850 3473 καρ-
1419 3447 1425 3457 ‚

50 3486 142 3548 ,aa
179 3488 213 3549 Ἡ
235 3488 263 3546 δὲ
286 3490 450 3566 ταραχθεῖσα
474 3488 511 3563 τῷ
535 3483 678 3564 φιλήματι,
707 3482 848 3541 mmm·
898 3467 974 3558 uiuum
987 3453 1102 3557 ementes
1116 3447 1441 3554 eorpulsautzquodbesro
1458 3443 1632 3547 conturbatum
1649 3455 1686 3491 sa·

82 3577 145 3637 Εγχγ
161 3577 198 3655 μὴ
219 3579 272 3644 τοῖς
286 3575 448 3653 σπλάγχνοις
461 3565 493 3644 χν
517 3571 657 3649 δεδεμένη,
675 3569 850 3643 ἠκολούθησεν
898 3549 926 3597 lrt
936 3561 942 3595 :
954 3559 998 3606 ee,
1012 3547 1057 3595 msl
1068 3543 1201 3594 visceribus
1211 3555 1301 3591 nexum
1314 3542 1425 3597 haereret,
1439 3542 1579 3600 sequeretur
1591 3539 1686 3598 utrque,

897 3643 987 3690 etcum
1002 3639 1073 3688 basiis
1083 3636 1250 3686 adscenderet.
1285 3637 1419 3683 Puerorum
1433 3632 1516 3681 oscula
1533 3629 1602 3680 rudia
1614 3631 1687 3690 suut,

77 3665 106 3725 έν
117 3665 159 3724 καί
170 3667 318 3725 ἀνείλκυσεν
332 3662 414 3734 αὐτὴν
427 3662 481 3720 ἄνω
493 3665 546 3728 τοῖς
557 3661 699 3741 ριλήμασι.
744 3659 851 3718 Παίδων

74 3756 99 3814 ,χ
113 3755 244 3836 χρήματα
262 3753 310 3832 μγ,
332 3751 496 3822 ἀπαγδευτα,
517 3748 674 3828 πεμπχοκαγ
688 3750 711 3805 δ’
727 3750 849 3823 ἀμαθεῖς,
898 3735 1040 3797 complexus
1051 3732 1156 3792 indocti,
1174 3743 1250 3778 renus
1267 3727 1392 3790 languida,
1403 3726 1519 3789 omnique
1536 3739 1635 3788 prorsus
1649 3725 1687 3785 Ju-

72 3844 204 3927 Ἀρροδίτη
219 3844 242 3901 δ’
257 3839 343 3923 ιἰργῆ,
358 3843 452 3911 ἡδονῆς
466 3837 489 3897 δ’
501 3836 584 3899 οὐδέν,
899 3830 1022 3881 canditate
1032 3828 1154 3877 destituta.
1456 3884 1459 3891 Ι

27 3952 58 3994 to
108 3931 179 3994 ΑΠ’.
202 3929 257 3991 Καὶ
271 3935 286 3989 δ
300 3926 542 3999 Μενέλαος,Ἀλλά
560 3923 591 3984 σά
608 3947 652 4000 μοι
669 3924 767 4000 δοκεῖς,
786 3923 851 4003 ἔρη,
931 3925 1064 3975 xxxviii.
1087 3924 1151 3972 Tum
1170 3919 1354 3978 Menelaus,Tu
1371 3915 1471 3979 quidem
1496 3917 1577 3977 certe,
1597 3914 1687 3975 iuquit,

67 4023 107 4101 μὴ
121 4020 299 4103 προπάπιιρος
316 4017 384 4077 ἀλλὰ
398 4017 481 4096 γέρων
492 4018 528 4081 είς
539 4013 691 4095 Ἀφροδίτην
703 4011 851 4091 τυγχάνειν,
899 4027 948 4063 non
960 4016 1156 4063 Veneremnune
1173 4008 1278 4071 primum
1288 4006 1410 4068 attigisse,
1424 4002 1547 4053 rerumin
1564 4015 1592 4052 ea
1604 4015 1687 4051 oense·

64 4108 287 4185 εοσαάταςὴμῶν
301 4104 435 4184 κατέχεας
454 4107 584 4183 γυναικῶν
600 4100 759 4181 περιεργίας.
803 4100 851 4160 Ἐν
899 4103 979 4153 nuisse
988 4101 1045 4151 mibi
1055 4098 1201 4160 rideris,itu
1211 4096 1301 4146 multas
1310 4094 1382 4144 uobis
1392 4093 1521 4141 mulierum
1538 4091 1689 4141 curiositates

63 4202 142 4281 μέρει
163 4197 192 4256 δδ
211 4195 257 4255 καί
279 4193 313 4252 τδι
335 4197 386 4252 τῶν
407 4194 508 4252 παίδοιν
529 4190 699 4252 ἀντάκουσον.
743 4191 765 4250 Γ
767 4188 853 4247 νναικί
899 4188 1055 4240 enumerasti.
1089 4185 1136 4236 scd
1160 4183 1264 4233 vicissim
1286 4186 1312 4230 tu
1333 4192 1431 4243 quoque
1451 4178 1522 4239 audi,
1543 4189 1689 4240 quaename

61 4290 115 4367 μέν
136 4286 190 4366 γάρ
211 4284 299 4343 πάντα
324 4281 475 4342 ἐπίπλαστα
502 4280 601 4340 καὶτὰ
625 4279 732 4361 ῥήματα
753 4277 854 4336 καὶτὰ
900 4290 1032 4341 puerorum
1055 4273 1179 4324 amoribus
1203 4272 1316 4333 uoluptas
1340 4267 1494 4332 percipiatur.
1537 4268 1565 4314 ln
1587 4265 1689 4313 muliere

18 4406 48 4445 a
61 4376 211 4459 σχήματα,
234 4372 285 4432 κᾶν
306 4362 373 4431 εἶναι
388 4370 448 4450 δάξη
470 4368 556 4440 καλὴ,
576 4370 628 4425 τῶν
650 4365 821 4442 ἀλειμμάτων
836 4369 853 4436 ἡ
900 4380 976 4430 quum
992 4364 1081 4424 uerba,
1096 4366 1150 4412 turn
1166 4361 1258 4423 reliqua
1273 4357 1355 4407 omnia
1374 4356 1434 4406 iuois
1448 4354 1519 4418 plena
1533 4354 1590 4401 sunt
1604 4371 1610 4401 ι
1626 4364 1655 4400 ac
1668 4352 1688 4400 si

61 4462 267 4544 πολυπράγμων
290 4459 414 4540 μηχανή·
429 4459 474 4519 καί
492 4462 563 4517 ἐστιν
578 4458 658 4525 αὐτῆς
680 4453 710 4512 τὸ
725 4453 818 4520 κάλλος
836 4451 853 4523 ἢ
900 4470 949 4519 qua
962 4455 1066 4504 formosa
1077 4451 1196 4509 rideatur,
1209 4462 1237 4498 ea
1246 4450 1391 4510 estoperosa
1405 4443 1582 4508 pigmentorum
1595 4439 1687 4488 moles:

60 4556 178 4635 μύρων,
197 4548 215 4622 ἢ
233 4553 332 4629 τριχῶν
355 4553 453 4628 βαφῆς,
472 4545 489 4618 ἢ
513 4546 559 4604 καί
581 4542 735 4625 φιλημάτων
748 4588 756 4619 ,
782 4541 813 4600 διν
827 4542 854 4600 δὲ
900 4547 970 4609 cujus
985 4546 1064 4595 torma
1078 4541 1157 4592 omnis
1168 4540 1215 4589 alia
1226 4538 1292 4587 nulla
1306 4549 1387 4595 exre,
1402 4546 1476 4596 quam
1489 4533 1532 4579 aut
1547 4528 1688 4591 unguentis,

59 4649 120 4704 τῶν
142 4642 246 4700 πολλῶν
268 4638 366 4697 τούτων
387 4634 526 4716 γυμνάισῃς
552 4633 646 4703 δόλων,
669 4630 737 4690 ἔοικε
759 4633 854 4709 κολοιῷ
901 4638 944 4684 aut
960 4633 1046 4683 tinctis
1060 4630 1165 4693 capillis,
1185 4631 1229 4677 aut
1242 4624 1416 4676 basiationibus
1430 4623 1524 4670 constat
1545 4639 1551 4669 ι
1569 4631 1583 4667 e
1601 4617 1690 4681 quibus

60 4728 264 4813 γιγυμνωμένῳ
278 4730 330 4784 τῶν
344 4731 389 4784 τοῦ
407 4724 488 4802 μύθου
501 4726 615 4802 πτερῶν.
658 4720 698 4780 Τὸ
710 4719 737 4777 δὲ
758 4719 855 4786 κάλλος
903 4725 984 4772 iusum
997 4722 1017 4769 si
1031 4718 1172 4776 detraxeris,
1185 4730 1223 4765 uae
1234 4716 1332 4778 graculo
1348 4712 1447 4776 pennis,
1461 4711 1489 4760 ut
1504 4709 1604 4758 babetur
1616 4707 1639 4756 iu
1652 4707 1688 4755 ia-

19 4817 231 4887 ωεδπτιδιιιον
244 4819 292 4874 οὐκ
304 4814 442 4891 ἀρδεύεται
461 4813 549 4893 μύρων
563 4811 689 4890 δσρραῒς,
708 4807 768 4866 οὐδὲ
782 4808 853 4865 δολε·
903 4811 980 4870 bulis,
1003 4807 1125 4857 denudato
1150 4805 1254 4854 similem
1280 4801 1407 4864 judicabis.
1450 4802 1583 4848 Puerorum
1606 4797 1688 4844 autem

63 4910 128 4989 ,ταῖς
140 4905 188 4965 καί
199 4902 348 4983 ἀλλοτρίαις
358 4904 465 4978 ὀσμαῖς.
509 4899 603 4969 Πάσης
615 4896 642 4955 δὲ
659 4898 789 4974 γυναικῶν
805 4918 856 4971 μυ-
903 4901 980 4949 iorma
993 4911 1042 4947 non
1061 4897 1239 4959 pigmentorum
1263 4891 1323 4939 lucis
1339 4890 1448 4950 illinitur,
1464 4901 1513 4938 non
1534 4883 1689 4944 adulterinis,

65 4992 291 5079 ραλοιγίαςῆδιυν
304 4990 485 5049 ὄδωδενδτῶν
499 4989 599 5047 παίδων
616 4987 705 5065 ἱδρώς.
746 4979 855 5051 Ἔξεστι
902 4991 945 5038 aut
954 4986 1059 5038 externis
1067 4984 1191 5034 odoribus.
1223 4978 1342 5028 Omnibus
1351 4979 1432 5026 autem
1442 4974 1571 5025 mulierum
1581 4971 1689 5021 omnium

64 5080 245 5164 δ’,αὖτῷκαλ
264 5079 375 5160 πρὸτῆς
390 5081 417 5137 ἐν
432 5076 568 5158 Ἀφροδίτη
592 5077 747 5152 συμπλοκῆς
769 5072 814 5131 καί
829 5074 855 5128 ἐν
903 5075 1031 5140 unguentis
1052 5086 1066 5123 e
1089 5084 1219 5136 puerorum
1244 5067 1332 5118 sudore
1352 5065 1448 5115 albatus
1472 5061 1601 5114 antecellit.
1634 5062 1689 5109 loru

66 5171 227 5252 παλαίστρα
249 5168 394 5247 συμπεσεῖν
414 5166 459 5226 καί
474 5156 589 5246 ρἀνερῶς
610 5167 784 5243 περιχυθῆναι
811 5159 855 5218 καί
902 5179 961 5216 vero
972 5165 1045 5217 etiarn
1057 5165 1114 5213 aute
1127 5171 1242 5212 venereos
1261 5169 1402 5220 congressus
1413 5155 1523 5219 palaestra
1535 5165 1591 5200 cum
1607 5149 1636 5198 iis
1647 5146 1689 5197 de·
