3726 5692
159 293 203 367 [ο.
228 287 374 364 ιιι-ινα]
780 284 977 344 ΕΠΜΑΤΗΙῙ
1000 283 1075 342 LiB.
1100 283 1151 342 xi.
1719 286 1773 338 stit

154 407 200 466 καλ
212 405 708 487 μίχριςθσχάτωντῃρῶνάναπόνιιττοι,
719 405 940 471 Καὶναλπάντως.
991 412 1050 462 lines
1063 410 1216 461 indelebilem
1230 409 1355 459 servabis?
1371 409 1424 456 Hoc
1446 398 1552 467 proiecto
1576 411 1644 454 tuum
1665 405 1709 453 est.
1729 403 1776 454 Sed

154 494 224 555 Ἀλλ’
249 496 308 572 αἰδῇ
335 494 383 565 τήν
405 486 503 566 ήτταν,
526 494 571 551 καλ
596 494 733 569 δέδοικας,
762 493 799 569 μή
820 491 854 551 τδι
880 496 938 550 καθ’
991 502 1084 549 victum
1100 505 1123 549 te
1145 498 1259 562 puderet,
1280 497 1418 556 metuisque
1437 509 1476 554 ne,
1499 496 1581 543 nostra
1605 491 1776 555 exprimendo,

154 587 225 658 ἡμᾶς
247 585 460 693 καταζωγραφῶν
470 627 478 654 ,
497 581 718 662 στηλογραφήσῃς
743 581 777 639 τδι
791 579 860 641 κατὰ
879 585 937 640 σοῦ.
989 593 1031 637 tua
1049 601 1146 651 quoque
1159 588 1252 636 notiora
1266 586 1346 634 iacias.

192 692 230 730 aa.
255 671 293 731 Σὺ
309 672 344 748 θ’,
358 695 381 729 ω
396 675 436 742 Γῆ
458 675 554 752 μῆτερ,
568 675 591 728 εἶ
605 671 653 741 τήν
670 670 778 750 Δάφνην
792 668 940 751 φεύγουσαν
1021 686 1061 730 at.
1078 683 1115 730 Tu
1128 678 1201 742 igitur
1210 676 1318 726 omnium
1331 688 1417 738 parens
1428 674 1523 733 Tellus,
1538 674 1559 723 si
1570 673 1681 736 fugientis
1695 672 1776 734 Daph·

131 760 248 832 οθλιεῖς,
265 759 310 817 καὶ
320 757 459 838 κρύπτεις,
471 760 516 816 καὶ
531 758 639 832 σώζεις,
652 759 697 817 καὶ
712 758 789 839 φυτδν
801 755 942 834 ὁμώνυμον
988 779 1030 816 nes
1046 766 1159 826 miserta,
1176 762 1304 814 occultasti
1320 762 1388 811 iilam
1411 765 1436 810 et
1458 760 1570 822 salvasti,
1587 763 1612 810 et
1635 764 1721 822 sponte
1734 763 1778 809 tua

156 846 311 926 αὐτομάτως
324 856 414 929 γεννᾷς
428 848 464 914 εἰς
474 847 580 922 μνήμης
592 846 805 926 συντήρησιν,εἰ
817 845 861 903 τδν
877 843 942 905 Ὕά-
988 854 1155 916 cognominem
1186 853 1291 916 piantem
1318 849 1453 914 produxisti
1479 863 1535 913 qum
1566 850 1710 899 memoriam
1735 848 1777 897 be·

154 941 241 994 κινθον
255 933 282 1002 ἐξ
296 932 436 1011 ὁμωνύμου
460 939 541 1013 φυτοῦ
556 933 696 1016 φυλάττεις
715 933 859 1007 ἀθάνατον,
877 936 942 1010 ἡμῖν
988 943 1066 993 nedcii
1097 944 1133 991 tui
1164 945 1333 1000 conservaret3
1366 939 1388 989 ai
1414 939 1581 1002 Hyacinthum
1609 936 1773 989 immortalem

154 1023 184 1081 ού
197 1022 368 1100 συντηρήσεις
388 1020 435 1093 τήν
457 1020 582 1100 μνήμην;
597 1020 666 1096 φυτδι
688 1023 711 1080 δ’
729 1023 776 1079 οὐκ
797 1020 942 1087 ἀναδύσεις
989 1029 1130 1091 cognomine
1139 1030 1220 1092 planta
1232 1028 1369 1089 reddidisti,
1385 1041 1416 1077 an
1431 1029 1459 1078 et
1474 1026 1552 1077 nostri
1568 1027 1712 1076 memoriam
1730 1039 1778 1076 non

155 1109 298 1186 ὁμώνυμα,
309 1109 408 1181 στήλας
419 1108 563 1177 ἀθανάτους
571 1113 622 1169 τῶν
633 1113 692 1170 καθ’
702 1108 834 1186 Ὑσμίνην
844 1108 943 1180 ταύτην
989 1118 1143 1169 conservabis
1154 1130 1199 1167 nec
1213 1118 1243 1168 de
1255 1117 1352 1167 nornine
1362 1117 1446 1167 nostro
1459 1116 1533 1166 dicire
1544 1116 1633 1179 plantae
1642 1116 1779 1178 gignentur,

116 1223 141 1262 ιο
154 1199 200 1258 καὶ
211 1201 255 1260 τδν
268 1198 410 1278 Ὗσμινίαν
427 1198 490 1279 ἐμὲ,
502 1201 562 1260 ὅλον
581 1203 672 1282 δρᾶμα
686 1200 716 1259 τδ
729 1199 788 1259 καθ’
803 1204 875 1276 ἡμᾶς
890 1200 943 1267 τοῖς
989 1214 1080 1258 aeterna
1095 1206 1224 1269 Hyrmines
1236 1207 1261 1256 et
1273 1205 1408 1268 iiyanriuina
1418 1218 1498 1255 rerum
1508 1206 1679 1263 monumenta,
1691 1203 1717 1252 in
1731 1202 1774 1265 qui

155 1291 243 1366 φυτοῖς
265 1292 511 1367 καταζωγραφοῦσα
529 1288 574 1346 καλ
597 1285 880 1360 καταστηλιτεύουσα,
898 1287 944 1345 καλ
990 1296 1036 1347 bus
1056 1309 1128 1346 maus
1141 1297 1237 1345 nostros
1249 1294 1364 1357 attingens
1374 1299 1399 1344 et
1412 1293 1545 1343 inscribens
1557 1292 1700 1355 perennitati
1711 1304 1779 1341 οοιυ·

154 1380 208 1443 τοῖς
218 1378 275 1452 μεθ’
285 1375 703 1456 ήμᾶςφυλάττουσατήνμνήμην
714 1375 942 1447 ἅθάνατονςἈλλ
991 1385 1131 1435 mendabis?
1151 1386 1244 1435 verum
1264 1384 1404 1446 Enosiqreus
1427 1385 1565 1445 aeptmm,
1586 1393 1669 1430 rerum
1689 1384 1779 1430 terram

156 1463 301 1539 θνοσίγαιος
315 1468 329 1522 δ
345 1466 495 1537 Ποσειδῶν,
509 1465 567 1524 ἀλλ’
582 1464 738 1545 ἐνοσίχθων,
752 1464 798 1523 καλ
809 1462 943 1543 καταύρυ·
990 1473 1114 1537 quatiens,
1127 1474 1152 1523 et
1173 1473 1197 1521 in
1213 1475 1239 1522 tc
1261 1473 1356 1522 leonino
1373 1472 1454 1534 rugitu
1469 1471 1587 1532 tremens,
1606 1470 1698 1530 irruet,
1716 1471 1741 1520 et
1757 1471 1782 1519 ta

154 1552 324 1632 χήσιταίσι,
338 1558 431 1633 μῆτερ,
442 1554 571 1612 λεόντειον
581 1599 590 1628 ,
599 1553 646 1613 καλ
655 1552 837 1624 κατακυκήσει
851 1575 881 1611 σε
895 1551 944 1624 τήν
992 1561 1242 1625 parentemomnium,
1257 1561 1382 1610 historiam
1392 1562 1499 1610 nostram
1515 1560 1708 1621 conservantem,
1721 1569 1781 1621 prae·

114 1661 141 1699 ss
154 1639 256 1722 μητύρα
285 1644 518 1723 στηλογραφοῦσαν
542 1639 577 1700 τά
599 1646 657 1701 καθ’
675 1646 762 1718 ἡμᾶς,
782 1641 828 1699 καλ
841 1639 891 1712 τήν
915 1640 942 1709 ἐξ
992 1650 1136 1700 iereaiiinm
1153 1650 1186 1699 ob
1204 1651 1301 1699 Amoris
1318 1649 1445 1699 victoriam
1460 1648 1616 1710 aspernatam
1630 1645 1726 1696 obruet.
1751 1648 1783 1695 iit

154 1727 525 1811 Ἔρωτοςκαταφαυλίζουσαν
536 1722 619 1802 ήτταν
630 1732 724 1792 αὐτοῦ.
737 1727 905 1808 Φιλομήτωρ
920 1730 943 1788 δ’
991 1743 1072 1790 tamen
1082 1753 1126 1802 ego
1141 1738 1278 1789 communis
1290 1739 1374 1789 matria
1383 1737 1562 1788 amantissimus
1576 1737 1657 1786 cultor
1668 1742 1691 1785 ei
1702 1735 1782 1785 obser·

156 1814 221 1893 ἐγὼ,
231 1818 276 1876 καλ
297 1820 367 1894 τιμῶ
381 1817 428 1888 τήν
442 1816 562 1896 μητέρα,
581 1818 627 1876 καλ
641 1816 757 1894 κήδομαι
770 1820 818 1888 τῆς
834 1815 945 1897 μητρός.
992 1828 1147 1877 cautissimus
1158 1841 1222 1876 sum.
1234 1826 1406 1888 ideoaiuequa
1420 1825 1514 1888 Jupiter
1526 1836 1566 1874 res
1577 1827 1672 1873 nostras
1684 1823 1709 1872 in
1718 1824 1783 1872 astra

155 1904 250 1964 Totam
256 1907 279 1963 al
289 1903 386 1972 Ζιδςοθ
393 1905 576 1986 καταστερθσει
585 1907 682 1965 τδικαθ’
690 1910 770 1982 ἡμᾶς,
779 1908 802 1964 εἰ
810 1905 946 1964 Ποσειδῶν
992 1917 1093 1976 reseret,
1104 1928 1184 1978 neque
1194 1917 1320 1978 Neptunus
1334 1914 1394 1964 mari
1404 1912 1528 1975 inscribet,
1538 1925 1618 1976 neque
1630 1914 1681 1975 ipsa
1694 1911 1783 1975 plantis
1853 1922 1858 1945 ³

155 1994 186 2051 ού
197 1992 481 2072 καταστηλογραφήσει
489 2000 542 2058 τοῖς
556 1991 665 2063 ύδασιν,
681 1995 704 2050 si
720 1996 760 2065 Γῆ
775 1991 813 2068 μὴ
826 2015 946 2072 καταφυ·
997 2004 1081 2055 Tellus
1094 2007 1117 2054 et
1130 2003 1340 2063 iioribusreternas
1351 2001 1454 2060 eitlciet,
1466 2002 1551 2053 saltem
1567 2000 1680 2051 Mercurii
1700 2000 1783 2063 stylo,

111 2080 295 2161 αοτουργήσει
308 2082 362 2147 τοῖς
382 2089 469 2160 φυτοῖς
490 2081 535 2138 καὶ
558 2084 612 2146 τοῖς
625 2081 744 2153 ἄνθεσιν,
766 2083 847 2152 ἀλλ’,
868 2083 903 2147 ὣς
920 2082 947 2138 ἐν
993 2095 1178 2154 atramentoque
1196 2093 1221 2142 et
1244 2092 1337 2155 igneam
1364 2091 1511 2154 eloquentie
1534 2090 1658 2140 dammam
1676 2089 1783 2152 spirante

157 2169 318 2250 άμαράντοις
339 2167 424 2237 ξύλοις
441 2169 486 2227 καὶ
499 2167 579 2236 λίθοις
593 2168 857 2250 άδάμασιν,“Ερμοῦ
879 2191 946 2247 γρα-
995 2179 1229 2244 linquadascriptan,
1241 2183 1358 2244 tauquam
1378 2179 1490 2242 perituris
1502 2190 1638 2242 numquam
1658 2178 1783 2228 tabuiiset

157 2256 212 2340 φθδι
232 2258 277 2315 καλ
292 2256 385 2334 μάλανι
408 2257 452 2316 καὶ
466 2255 573 2334 γλώσσῃ
595 2263 647 2336 πῦρ
668 2256 783 2337 πνεούσῃ
807 2256 947 2339 ῥητορικὸν
995 2267 1155 2318 adamantinis
1174 2269 1239 2318 saxia
1260 2268 1308 2318 iiaa
1329 2268 1468 2318 manebunt.
1528 2269 1600 2318 (tarta
1621 2266 1784 2328 posteriorum

156 2344 191 2406 τδ
206 2345 265 2404 καθ’
278 2349 349 2420 ἡμᾶς
361 2343 651 2426 στηλογραφηθήσεται.
665 2344 720 2406 Καί
738 2368 776 2412 τις
789 2349 842 2403 τῶν
857 2344 949 2422 eppe
995 2355 1082 2418 aliquis
1094 2356 1252 2407 disertissime
1271 2357 1364 2418 singnis
1380 2355 1539 2421 explicando,
1553 2360 1670 2420 tanquam
1685 2355 1784 2405 immor·

157 2457 210 2494 νων
233 2433 453 2514 καταρητορεύσει
471 2439 569 2505 ταῦτα,
583 2434 630 2493 καὶ
652 2436 687 2501 ὡς
713 2432 839 2515 ἀθανάτῳ
862 2433 949 2514 στήλῃ
995 2443 1036 2493 tati
1046 2444 1176 2506 columnae,
1191 2445 1224 2494 ita
1234 2444 1314 2495 verbis
1325 2446 1376 2494 auia
1387 2457 1487 2495 auream
1496 2446 1601 2495 statuam
1613 2446 1772 2507 superatruet

115 2539 145 2579 aa
158 2529 213 2589 τοῖς
223 2521 310 2597 λόγοις
322 2521 463 2602 ἀνδριάντα
472 2520 669 2601 χαλκουργήσει
683 2522 864 2602 κατάχρυσον.
1027 2537 1066 2582 ta.
1084 2535 1208 2591 Quantum
1223 2533 1297 2595 iqirm
1314 2536 1353 2583 est
1365 2535 1427 2584 inter
1439 2534 1549 2584 homines
1567 2535 1729 2582 amantioram
1741 2545 1787 2583 nos

203 2629 238 2670 aa.
259 2604 344 2668 Ὀσον
361 2607 408 2686 μὲν
422 2600 466 2667 ab
479 2613 505 2667 ir
518 2609 665 2689 ἀνθρώποις
680 2609 886 2691 ἰρυντικώτερον,
897 2612 949 2668 τῶν
997 2619 1030 2668 ob
1043 2623 1080 2670 tol
1094 2626 1119 2671 et
1128 2625 1195 2671 tanta
1209 2623 1304 2673 Amoris
1317 2622 1432 2672 beneficia
1442 2622 1515 2672 obvio
1525 2622 1608 2684 plausu
1620 2622 1739 2684 excipietq
1750 2621 1785 2671 ai·

160 2699 266 2758 τολλῶκ
281 2700 411 2778 δρωιικιῗυν
426 2698 543 2779 χαρίτων
558 2704 630 2776 ἡμᾶς
646 2699 817 2767 ἀποδέξεται·
831 2697 877 2756 καὶ
889 2696 950 2757 ὅσον
998 2707 1086 2757 militer
1106 2713 1225 2771 quantum
1244 2711 1388 2772 pudicorum
1403 2711 1449 2760 erit
1468 2712 1493 2759 et
1512 2715 1633 2758 castorum
1649 2714 1786 2772 temperau-

161 2783 317 2866 παρθενικδν
331 2787 377 2844 καλ
392 2787 618 2866 σεμνότερον,τῆς
633 2787 804 2868 σωφροσύνης
813 2786 951 2863 σἰγάσεται.
999 2795 1040 2844 tire
1061 2808 1117 2857 ergo
1140 2797 1275 2846 mirabundi
1297 2797 1439 2847 laudabunt.
1489 2796 1535 2848 sed
1556 2800 1581 2846 et
1602 2798 1675 2847 sortis
1699 2795 1788 2858 iniuria

159 2872 814 2957 'ocatitesimeni-,patmonantistitum,
826 2872 951 2934 reinbern
1000 2883 1151 2945 captivorum
1167 2887 1191 2934 et
1211 2896 1336 2934 serrorum
1349 2888 1467 2949 quantum
1484 2885 1543 2946 erit,
1557 2885 1582 2934 bi
1599 2886 1687 2947 pariter
1702 2899 1787 2937 omuaa

120 2964 209 3034 ουτῆς
222 2960 447 3042 aruspiscina<
462 2962 615 3032 ἀποδέξεται
630 2964 676 3023 καλ
689 2962 784 3042 θάρσος
798 2961 871 3044 λάύῃ
883 2964 952 3024 κατὰ
998 2983 1042 3020 nos
1066 2972 1098 3021 ob
1115 2973 1249 3023 restitutam
1266 2973 1402 3023 libertatem
1423 2974 1472 3023 lati
1491 2972 1611 3035 excipient
1633 2978 1657 3023 et
1676 2974 1787 3024 animum

162 3049 264 3133 ψυχήν·
274 3050 334 3111 ὅσον
346 3051 374 3110 δὲ
386 3052 602 3130 συμπαθέστερον
615 3098 623 3126 ,
636 3049 740 3122 ἐλεήσει
752 3055 804 3111 τῶν
820 3052 952 3132 δυστυχη-
999 3061 1208 3124 redintegrabunt3
1224 3062 1328 3127 deniquo
1339 3063 1428 3127 quibus
1444 3063 1474 3113 ad
1491 3063 1681 3115 misericordiam
1705 3078 1786 3127 prom·

162 3137 255 3216 μάθω*
269 3143 355 3215 ἡμᾶς·
369 3143 415 3200 καὶ
438 3140 518 3208 οὕτως
538 3145 603 3216 ἡμῖν
624 3137 698 3200 ἔσται
724 3138 757 3198 rt
776 3142 824 3210 τῆς
845 3139 953 3218 μνήμης
999 3151 1786 3215 ptiorestanimus,prorsuaobiuiortrrniamiserebuntur:atqua

164 3223 282 3285 ἀθάνατα
293 3250 301 3266 ·
312 3233 390 3304 ἡμεῖς
399 3229 427 3288 δὲ
442 3226 695 3309 καταχαριτιύσομεν
709 3226 757 3300 τήν
771 3226 894 3309 γραφήν,
907 3227 953 3287 καλ
999 3239 1032 3288 ita
1055 3238 1230 3290 immortalitati
1246 3241 1364 3290 memoria
1386 3243 1468 3291 nostm
1483 3240 1627 3302 sacrabitur,
1646 3253 1691 3290 nos
1705 3242 1788 3291 autern

164 3312 232 3389 θλην
246 3314 295 3389 τήν
310 3317 401 3397 βίύλον
411 3316 671 3394 κατακοσμήσομεν,
684 3318 729 3377 καὶ
741 3315 849 3396 χάρισιν
862 3317 952 3398 ipsura·
999 3329 1144 3392 scripturam
1171 3330 1310 3394 librumque
1337 3333 1502 3383 venustiorem
1528 3332 1644 3382 iaciemus
1670 3335 1788 3382 Annorum

125 3415 154 3456 ὅ
166 3405 227 3470 ταῖς
245 3404 291 3462 καὶ
305 3412 358 3473 τοῖς
379 3405 467 3474 άλλοις
487 3404 537 3465 ὅσα
561 3404 667 3484 βίθλους
680 3410 808 3482 κοσμοῦσι
829 3404 876 3464 καλ
894 3405 954 3472 τοὺς
998 3417 1095 3482 undis,
1115 3418 1255 3483 cantuque
1271 3420 1360 3484 quibus
1381 3420 1455 3471 libros
1473 3424 1591 3472 exornant
1607 3431 1783 3482 sermonesque

165 3491 257 3568 λύγους
270 3495 511 3555 κατακαλλύνουσι·
525 3495 619 3561 κλῆσις
635 3495 658 3554 δ’
671 3494 739 3554 ἔστω
752 3498 786 3572 τῇ
809 3493 953 3576 βίύλιρ,τδ
999 3504 1128 3570 decorant;
1146 3506 1226 3558 libello
1254 3510 1336 3561 autem
1360 3510 1497 3561 nomenati
1519 3513 1635 3560 Amorum
1660 3509 1790 3572 iiysminea

165 3582 226 3641 καθ’
238 3579 369 3661 Ὕσμίνῃν
380 3585 467 3664 δρᾶμα
475 3584 524 3643 καλ
539 3584 584 3643 τὸν
596 3583 738 3662 Ὑσμινθαν
751 3582 809 3661 ἐμέ.
1000 3595 1184 3658 iiysminiaeque
1196 3598 1305 3648 historia.
