3726 5692
774 344 888 404 LIBER
912 347 951 405 ll.
1614 367 1672 418 259

42 491 96 526 νων
115 468 191 546 γένος
211 468 359 547 τυγχάνων,
382 467 542 546 ’λχιλλείδην
565 471 642 529 αὑτὸν
666 471 835 552 ἀναγορεύει,

45 556 191 633 φήσαντος,
204 555 238 636 (ἡ
253 556 305 636 γάρ
319 556 440 635 Ὀμήρου
456 563 502 615 τοῦ
512 559 657 637 Αἰγυπτίου
674 561 779 633 ποίησις
790 561 834 619 rba

46 643 171 724 Ἀχιλλέα
194 645 320 717 Φθιώτην
345 646 535 724 ἐνδείκνυται),
559 647 594 707 Ὁ
617 648 664 725 μέν
691 650 835 726 νεανίσκος,

49 731 98 813 ἔφη
115 735 305 812 ό;Χαρικλῆς,
326 733 371 791 καὶ
392 737 539 814 ὁλοσχερῶς
553 737 686 803 Αἰνειᾶνες
703 736 747 795 τὀν
762 737 836 817 ἥρωα

33 822 245 899 ιδιαγυινίζεται,
257 821 305 891 τήν
326 821 406 882 Θέτιν
422 825 451 880 ἐκ
463 829 508 882 τοῦ
525 826 667 884 Μαλιακοῦ
679 826 778 884 κόλπου
789 826 837 904 γή·

57 916 149 985 μασθαι
161 912 200 990 τῷ
212 910 301 981 Πηλεῖ
309 909 355 968 καὶ
369 910 455 968 Φθίαν
464 911 494 968 τὸ
505 912 565 992 περὶ
578 913 623 972 τὸν
636 913 733 972 κολπον
745 921 836 974 τοῦτον

59 999 222 1075 ὀνομάζεσθαι
244 997 330 1056 πάλαι
354 998 554 1073 διατεινόμενος,
569 998 629 1068 τούς
652 1004 675 1059 δ’
690 1002 785 1068 ἀλλους
804 1002 837 1060 δι’

65 1086 167 1156 εὐδοξίαν
179 1091 225 1145 τοῦ
241 1086 333 1165 ἀνδρὸς
347 1085 535 1166 ἐφελκομένους
545 1092 630 1156 αὑτοῖς
645 1091 836 1171 ἐπιψεύδισθαι.

70 1175 115 1234 ital
123 1173 236 1243 ἀλλωςδ’
248 1176 327 1232 αὑτὸν
335 1174 461 1256 ἐγγράφει
471 1183 524 1242 τοῖς
537 1177 683 1248 Αἰακίδαις,
696 1178 838 1238 Μενέσθιον

46 1267 133 1325 udat
142 1263 296 1346 προπάτορα
311 1263 466 1344 καταφέρων
478 1264 522 1322 τὸν
538 1266 686 1342 Σπερχειοῦ
697 1269 780 1324 παῖδα
792 1269 838 1326 καὶ

75 1352 212 1431 Πολυδώρας
225 1356 272 1422 τῆς
285 1353 315 1409 ἐκ
330 1352 442 1422 Πηλέως
464 1351 491 1418 θς
511 1354 556 1410 καὶ
570 1353 684 1432 Ἀχιλλεῖ
698 1356 839 1434 συνεστρά-

78 1465 143 1501 τσισεν
154 1444 178 1499 ἐν
193 1440 308 1519 πρώτοις
322 1441 366 1498 ἐπὶ
377 1438 458 1500 Ἴλιον
470 1441 516 1499 καὶ
527 1446 574 1511 τῆς
585 1441 690 1521 πρώτης
701 1446 753 1501 τῶν
764 1448 839 1523 Μυρ-

80 1528 164 1607 μθόιυν
177 1529 221 1588 διὰ
234 1527 266 1587 τὸ
280 1528 401 1607 συγγενὲς
416 1528 508 1609 ἐξῆρχε
519 1531 619 1611 μοίρας.
661 1534 709 1612 Τῷ
720 1532 743 1590 δ’
752 1532 840 1611 'npt-

25 1636 28 1641 “
79 1618 226 1679 hiando
245 1617 436 1698 περιφυόμενος
457 1618 504 1676 καὶ
517 1617 682 1698 πανταχόθεν
696 1620 774 1679 αὐτὸν
786 1629 839 1687 τοῖς

56 1710 183 1770 reitandum
196 1706 371 1784 οἰκειούμενος
389 1706 530 1788 τεκμήριον
552 1707 683 1784 λαμόάνει
703 1707 768 1788 πρὸς
788 1717 840 1776 τοῖς

82 1796 145 1864 ἀλλοις
158 1787 192 1863 οἷς
202 1796 344 1872 καταλέγει
367 1797 412 1854 καὶ
435 1796 478 1854 τὸν
505 1796 644 1874 ἐναγισμὸν
659 1796 704 1855 τὸν
718 1799 838 1857 Νεοπτο-

81 1884 319 1966 λέρεγπιμπόμενον,
335 1876 365 1943 ού
381 1884 541 1960 σύμπαντες,
555 1888 590 1952 ὡς
602 1885 690 1966 φησὶν,
706 1889 839 1947 Αίνειᾶσιν

82 1972 216 2054 ἐξεχώρησαν
236 1973 431 2047 Θεσσαλοί,ἴτὸ
446 1974 597 2052 ἐγγυτέρους
612 1965 677 2032 εἶναι
689 1980 736 2032 τοῦ
751 1973 839 2052 γένους

10 2100 14 2117 ,
84 2066 323 2145 προσμαρτυροῦντες.
368 2061 496 2127 Ἐκείνοις
509 2059 556 2137 μέν
578 2054 621 2120 ούν
641 2061 725 2129 οὐδεὶς
735 2062 839 2142 φθόνος,

10 2120 14 2195 έ
48 2141 168 2228 ”lenuis
186 2150 327 2232 Χαρίκλεις
345 2148 364 2219 ῆ
377 2150 532 2229 χαρίζεσθαι
546 2155 629 2207 ταῦτα
641 2147 659 2220 ῆ
672 2150 717 2209 καί
738 2153 839 2224 ἐπαλη-

83 2237 142 2296 lotar
154 2244 245 2312 αθτοῖς,
259 2237 304 2298 τὸν
317 2239 340 2296 δ’
352 2236 512 2319 ἀρχεθέωρον
527 2241 707 2297 εἷσκαλεῖσθαι
720 2239 839 2318 πρόστα-

83 2320 121 2403 lu,
135 2329 252 2410 ύςίγωγ’
274 2330 355 2387 αὐτοῦ
378 2331 494 2404 μανικῶς
509 2326 694 2408 ἀνεπτέρωμαι
711 2329 775 2410 πρὸς
792 2330 840 2401 τήν

80 2409 133 2476 θέαν.

109 2505 164 2568 lE'.
179 2505 358 2576 Ἐπένιυσενρ
372 2507 520 2586 Χαρικλῆς.
563 2505 618 2565 Καὶ
629 2508 769 2576 εἷσῆλθενθ
780 2529 841 2564 νεα-

29 2582 157 2666 ι’θ’λοο,
170 2593 313 2674 ’.θχίλλειόν
327 2618 353 2652 τι
367 2597 405 2673 τῷ
429 2592 484 2651 ύντι
508 2590 592 2651 πνέων
607 2593 653 2652 καὶ
667 2594 731 2674 πρὸς
743 2597 840 2653 ἐκεῖνον

72 2670 102 2731 ³5
114 2680 205 2761 βλέμμα
221 2682 268 2742 καί
283 2683 313 2741 τὸ
328 2680 451 2762 φρόνημα
474 2679 620 2762 ἀναφέρων,
643 2683 715 2762 ὀρθὸς
736 2684 779 2741 τὸν
793 2686 842 2741 αὖ·

69 2760 130 2835 κίκι
138 2770 178 2830 καὶ
189 2771 243 2830 ἀπὸ
255 2775 302 2831 τοῦ
328 2768 451 2847 μετώπου
470 2769 517 2839 τῆν
530 2769 615 2846 κόμην
632 2771 696 2850 πρὸς
713 2771 743 2829 τὸ
757 2771 841 2850 όρθιυν

68 2845 238 2936 ὢἸχαιτίζωη
253 2863 268 2931 ἡ
285 2858 323 2938 ῥὶς
337 2858 510 2936 ἐνεπαγγελία
523 2864 606 2932 θυμοῦ
617 2858 662 2918 καί
671 2861 696 2917 οἱ
712 2865 842 2940 μυκτῆρες

66 2933 192 3027 neapo<
211 2948 256 3008 τὸν
278 2947 343 3026 ἀέρα
359 2946 533 3017 εἰσ-πνέοντες,
552 2946 684 3027 ὀφθαλμὸς
699 2946 772 3005 ούπο)
793 2949 840 3024 μὲν

16 3032 186 3113 πχῑμτδς,
201 3034 389 3118 χαροττώτερον
411 3035 438 3094 δέ
460 3035 657 3113 μελαινόμενος,
683 3034 794 3115 σοθαρόν
819 3038 842 3094 θ’

64 3111 126 3191 6let
142 3128 181 3185 καὶ
198 3129 245 3186 aba
266 3123 408 3205 ἀνέραστον
424 3125 543 3204 βλέπων,
566 3115 619 3183 οἷον
634 3123 768 3196 θαλάσσης
790 3124 842 3182 ἀπὸ

62 3204 172 3287 ιθματος
180 3218 216 3284 εἰς
223 3213 342 3293 γαλήνην
354 3214 414 3293 ἀρτι
427 3212 606 3290 λεαινομένης.
648 3211 727 3273 Ἐπεὶ
740 3212 761 3270 δ’
772 3217 842 3288 ἡμᾶς

63 3290 108 3353 ³&
118 3302 211 3363 εθιθότα
224 3302 367 3375 ἠσπάσατο
377 3300 483 3361 καὶτῶν
495 3300 642 3378 ἀμοιόαίων
655 3300 756 3379 ἔτυχεν,
770 3300 842 3378 ὥραν

64 3367 183 3453 *imitat
195 3392 244 3463 τὴν
258 3390 349 3450 θυσίαν
364 3394 401 3470 τῷ
418 3392 468 3470 θεῷ
489 3390 631 3469 προσάγειν
650 3388 748 3467 έλεγεν,
760 3391 795 3455 ὡς
810 3388 841 3447 ἀν

13 3476 50 3519 ⁸
64 3473 119 3535 ἰαί
130 3477 165 3539 rh
174 3479 368 3559 ἐναγισμὸνπῷ
382 3477 449 3557 ἥρωι
463 3476 509 3536 καί
521 3478 569 3549 τήν
592 3477 632 3535 ἐπ’
645 3480 717 3557 αὐτῷ
730 3475 841 3554 πομπὴν

66 3564 135 3624 &uri
145 3568 230 3648 καιρόν
243 3570 270 3626 ἐν
283 3566 410 3647 δευτέροις
422 3567 550 3625 ἐπιτελεῖν
563 3566 702 3645 ἐγγένοιτο.
748 3565 841 3642 Γιγνέ-

67 3652 209 3739 θθηέφηθ
227 3658 375 3734 Χαρικλῆς.
422 3656 475 3715 Καὶ
490 3654 674 3730 ἀνιστάμενος,
685 3652 777 3734 Ὀψει,
792 3653 841 3733 ἔφη

68 3740 133 3815 *βόε
140 3769 180 3821 με,
194 3747 240 3807 κοιλ
252 3745 300 3821 τήν
315 3743 477 3823 Χαρίκλειαν
492 3743 615 3823 τήμερον,
629 3745 652 3800 εἰ
667 3743 704 3819 μή
718 3742 842 3823 πρότερον

70 3810 139 3899 ῑέὅθ·
172 3835 354 3916 Συμπαρεῖναι
366 3832 417 3912 γλρ
425 3831 471 3890 καί
485 3830 533 3904 τὴν
542 3832 650 3912 ζάκορον
664 3835 710 3902 τῆς
724 3830 844 3908 Ἀρτέμι-

24 3906 148 4001 *ὡστῆ
160 3928 253 4000 πομπῆ
274 3922 319 3980 καὶ
341 3921 395 3986 τοῖς
419 3923 570 3997 ἐναγισμοῖς
589 3925 634 3979 τοῦ
656 3917 842 3994 Νεοπτολέμου

71 4000 179 4083 ”filaus
219 3989 301 4086 Ἰδμόι
315 4012 338 4068 δ’
356 3997 504 4084 ἡπαῖς,ῶ
525 4007 653 4086 Κνήμων,
675 4011 775 4087 ἑωρᾶτο
792 4005 843 4079 ἤδη

71 4090 185 4168 Ι’θέλόκις
198 4100 244 4161 καὶ
258 4103 352 4160 θυσιῶν
368 4101 517 4178 συνεφῆπτο
532 4096 577 4154 καί
594 4096 677 4175 λόγων
693 4099 768 4175 ἱερῶν
783 4094 845 4153 τίτί

71 4190 134 4239 ¹⁰³2
142 4187 254 4250 έπύθετο.
299 4186 369 4247 Ἀλλ’
380 4183 451 4261 όμως
463 4184 583 4243 ἐσιώπων
594 4185 624 4242 τὸ
633 4185 727 4261 μέλλον
736 4186 845 4242 ἀπεκδε·

70 4259 180 4341 millet.
223 4275 277 4336 liet
285 4274 342 4352 ἅμα
351 4271 399 4345 τήν
409 4271 493 4352 ὁρμήν
503 4277 538 4340 ὡς
548 4272 592 4331 ἐπὶ
603 4272 647 4330 τὸν
659 4270 723 4330 νεῶν
738 4271 845 4331 ἐποιού-

25 4352 58 4393 ⁸⁸
70 4354 235 4423 ΜΨτάντα
246 4363 297 4444 γὰρ
305 4363 358 4435 ’ήδη
369 4361 569 4442 παρεσκεύαστο
580 4360 614 4420 τὰ
626 4362 690 4441 πρὸς
699 4359 746 4433 τήν
754 4362 845 4421 θυσίαν

68 4438 126 4540 ῗῖἷΐ
135 4448 278 4520 Θετταλοῖς.
321 4452 399 4513 Ἐπεὶ
410 4453 434 4510 δ’
449 4456 526 4528 ἡμεῖς
537 4450 600 4530 πρὸς
610 4459 662 4518 τοῖς
677 4455 775 4531 βωμοῖς
789 4454 845 4529 ἐγε-

68 4538 165 4598 νεθ’*θα
180 4542 249 4601 καὶὸ
268 4541 371 4606 νεανίας
379 4541 431 4612 ἤδη
452 4545 504 4598 τῶν
518 4544 594 4620 ἱερῶν
609 4539 768 4619 κατήρχετο,
780 4563 847 4617 προι

69 4622 252 4704 Ψωξῦμένου
264 4636 310 4689 τοῦ
322 4627 421 4709 ἱερέως,
434 4631 463 4687 tx
475 4632 526 4686 τῶν
537 4627 639 4686 ἀδύτων
655 4628 846 4707 ἀναφθέγγεται

72 4694 88 4761 θ
104 4701 184 4769 Πῡθίο
193 4719 294 4776 τοιάδε·

131 4822 178 4884 Thi
184 4832 249 4898 χάριν
258 4835 283 4883 ἐν
295 4832 411 4898 πρώτοις,
424 4832 497 4896 αὐτὰρ
505 4832 571 4889 κλέος
583 4831 666 4881 ὕπατ’
676 4832 787 4896 ἔχουσαν,
871 4800 873 4887 ff

163 4900 280 4965 Φράζεσθ,
292 4905 313 4952 ὧ
324 4906 423 4967 Δελφοὶ,
434 4904 475 4953 τόν
486 4920 511 4952 τε
523 4904 575 4958 θεᾶς
587 4905 691 4964 γενέιην,

128 4962 218 5030 οἶνόν
228 4974 381 5037 προλιπόντες
392 4976 447 5036 ἐμὸν
459 4975 499 5022 καὶ
510 4979 576 5035 κῦμα
586 4973 710 5036 τεμόντες,

160 5033 246 5101 ’θέμις’
255 5046 336 5106 ἠελίου
344 5048 401 5110 πρὸς
411 5046 485 5110 χθόνα
496 5046 605 5105 κυανέην,

18 5148 49 5191 g
127 5100 206 5180 Τῇἲορ
214 5116 355 5180 ἀριστοόίων
365 5117 416 5178 μέγ’
428 5117 517 5165 ἀέθλιον
530 5115 668 5178 ἐξάψονται,

156 5177 246 5238 bruma
254 5188 292 5238 ἐπὶ
303 5188 426 5251 κροτάφων
437 5188 530 5249 στέμμα
542 5188 722 5249 μελαινομένων.

883 486 955 535 modo
969 500 998 536 er
1010 488 1138 537 AEnianum
1151 490 1306 539 familiarum
1319 491 1350 540 sit
1359 491 1501 541 llclrillidem
1518 507 1544 541 se
1558 494 1672 555 appellet,

883 579 986 643 dicente,
1002 583 1011 642 i
1026 584 1124 632 Homeri
1143 585 1207 633 enim
1222 586 1324 648 AEgyptii
1337 591 1423 649 poesis,
1439 588 1555 638 Achillem
1576 590 1673 640 Phthio-

882 677 932 723 tam
942 688 994 724 esse
1009 677 1114 726 ostendit
1127 680 1135 739 )
1149 680 1249 728 invenis
1266 681 1373 742 quidem,
1387 682 1474 744 lnquit,
1487 697 1535 732 una
1548 697 1604 733 cum
1616 685 1673 734 reli·

883 771 938 834 quis
949 774 1193 825 AEnlanibusheroem
1203 776 1249 825 sibl
1257 779 1348 837 asserit,
1358 779 1454 829 Thetim
1464 793 1493 829 ex
1505 780 1559 828 sinu
1570 782 1671 832 Maliaco

883 868 992 929 nupsisse
1004 869 1076 918 Peleo
1084 872 1108 919 et
1118 871 1239 933 Phthiam,
1248 872 1368 934 regionem
1377 874 1440 922 circa
1450 875 1530 924 sinum
1539 876 1608 926 illum
1623 892 1673 927 esse

883 963 1017 1026 antiquitus
1036 965 1180 1028 appellatam
1197 980 1344 1027 asseverans,
1355 970 1415 1018 alios
1430 984 1497 1030 rero,
1513 976 1611 1034 propter
1621 974 1672 1035 glo·

885 1061 944 1107 riam
959 1060 1004 1108 viri
1019 1059 1086 1109 ilhrm
1104 1061 1149 1110 sibi
1170 1062 1319 1113 vindicantes
1336 1065 1440 1115 mentiri.
1475 1066 1587 1128 alioquin
1600 1068 1674 1117 eliam

884 1154 1030 1204 alteratione
1039 1156 1119 1205 sesein
1128 1170 1257 1207 numerum
1264 1159 1672 1220 AEucidarumreiert,htenesthium

885 1261 955 1297 suum
968 1261 1042 1298 avum
1052 1251 1183 1312 proferens,
1193 1253 1300 1314 Sperchii
1309 1252 1384 1302 hlium
1396 1257 1421 1303 et
1431 1254 1557 1316 Polydoreo
1569 1259 1632 1306 natae
1642 1270 1674 1306 ex

886 1342 964 1404 Peleo,
977 1344 1019 1405 qui
1031 1348 1123 1394 etcum
1135 1346 1227 1395 llclrille
1236 1346 1298 1396 inter
1309 1348 1401 1410 primos
1412 1349 1485 1399 duces
1497 1350 1673 1412 expeditionem

884 1439 989 1501 suscepit
1004 1439 1034 1488 ad
1052 1441 1149 1501 Troiam
1163 1443 1188 1490 et
1203 1442 1266 1491 inter
1276 1442 1413 1505 praecipuos
1431 1444 1610 1506 Myrmidonum
1621 1459 1675 1509 pro·

885 1538 938 1595 pter
950 1534 1117 1595 cognationem
1130 1536 1211 1598 copias
1223 1536 1303 1586 duxit.
1337 1541 1448 1601 Cumque
1459 1540 1546 1590 achilli
1556 1541 1675 1603 undiqua-

885 1643 932 1691 que
945 1628 1094 1680 adherescat
1108 1633 1181 1694 atque
1204 1633 1271 1682 omni
1292 1646 1323 1683 ex
1349 1637 1416 1696 parte
1438 1635 1507 1685 illum
1532 1637 1674 1687 AEnlauibus

885 1723 1009 1786 adiungat,
1022 1726 1157 1788 argumenti
1168 1726 1223 1775 loco
1237 1727 1313 1776 sumit
1322 1730 1410 1790 praeter
1424 1729 1471 1777 alia
1485 1743 1540 1791 quae
1558 1735 1673 1793 recenset,

886 1819 958 1868 etiam
972 1819 1035 1869 hanc
1047 1821 1252 1882 parentationem,
1263 1834 1319 1883 quae
1334 1822 1492 1883 Neoptolemo
1501 1822 1614 1884 mittitur,
1627 1839 1676 1886 qua

885 1929 970 1966 omnes
982 1918 1100 1979 Tiressall,
1113 1920 1143 1968 nt
1156 1919 1196 1968 ille
1211 1918 1279 1979 dicit,
1291 1922 1416 1968 cesserunt
1425 1919 1576 1981 AEuianibus,
1586 1922 1674 1970 testea·

886 2014 931 2074 tes,
943 2012 999 2063 illos
1018 2013 1117 2076 propius
1135 2027 1210 2076 genus
1222 2014 1269 2064 hoc
1286 2014 1410 2076 attingere.
1444 2015 1495 2064 litis
1510 2015 1609 2078 quidem
1627 2030 1675 2067 nou

886 2105 990 2165 invideo,
1008 2107 1117 2170 inquam,
1133 2106 1264 2168 chariclea,
1277 2108 1328 2157 sive
1349 2108 1402 2157 hec
1422 2108 1467 2157 sibi
1488 2109 1521 2158 ita
1534 2109 1674 2171 largiantur,

886 2208 936 2258 sive
950 2209 1023 2258 etlam
1039 2223 1095 2259 vere
1111 2209 1236 2258 vindicent
1255 2224 1262 2258 ι
1280 2212 1388 2259 ceterum
1402 2211 1543 2274 prrelectum
1554 2225 1628 2261 sacrae
1643 2212 1676 2262 le·

886 2308 988 2369 gationis
1000 2308 1082 2357 vocari
1098 2308 1161 2358 intro
1173 2308 1241 2369 jube,
1255 2308 1389 2359 incredibili
1405 2309 1470 2358 enim
1480 2309 1597 2360 desiderio
1611 2310 1676 2360 illius

888 2408 982 2458 virlendi
995 2412 1086 2458 teneor.

919 2512 1015 2560 xxxv.
1042 2512 1170 2560 annuente
1188 2510 1313 2568 charicle,
1329 2511 1449 2574 ingressus
1470 2513 1506 2560 est
1527 2512 1676 2574 adolescens,

887 2605 1007 2655 llclrilleoe
1019 2604 1137 2667 quosdam
1150 2603 1249 2665 spiritus
1260 2618 1358 2667 gerens,
1371 2609 1396 2655 et
1416 2606 1447 2655 ad
1465 2607 1533 2656 illum
1546 2608 1642 2657 vultum
1654 2614 1678 2660 et

887 2709 979 2757 animos
999 2711 1117 2767 reterens,
1132 2710 1212 2757 erecto
1227 2709 1303 2769 collo,
1316 2713 1390 2772 atque
1408 2724 1422 2759 a
1442 2712 1521 2760 ironic
1540 2726 1635 2763 comana
1654 2715 1678 2764 in

887 2815 964 2864 altum
976 2815 1104 2876 cohibens,
1117 2828 1190 2864 nasus
1203 2816 1228 2864 et
1243 2828 1313 2864 nares
1330 2815 1403 2865 libere
1422 2830 1502 2867 aerem
1521 2819 1678 2881 attrahentes,

888 2921 983 2983 signum
993 2920 1036 2969 irae
1051 2923 1076 2969 et
1089 2920 1202 2981 impetus,
1218 2921 1283 2969 oculi
1295 2934 1343 2969 nun
1359 2934 1455 2983 prorsus
1467 2922 1554 2984 glauci,
1571 2927 1678 2975 attamen

888 3038 945 3074 cum
957 3025 1044 3087 glanoo
1053 3023 1133 3073 colore
1148 3023 1301 3087 nigricantes,
1312 3024 1453 3087 adspectum
1472 3028 1588 3075 acriorem
1601 3041 1679 3091 neque

888 3133 971 3179 tamen
983 3128 1138 3182 inamabilem
1152 3129 1278 3190 babentes,
1294 3132 1408 3190 tanquam
1430 3130 1503 3179 maris
1522 3135 1575 3194 post
1592 3131 1680 3181 linctus

888 3248 966 3298 nuper
989 3235 1014 3283 in
1037 3234 1238 3296 tranquillitatem
1263 3234 1399 3296 compositi.
1433 3237 1518 3285 Postea
1532 3249 1678 3298 veroquam

889 3351 942 3397 nos,
953 3338 980 3387 ut
991 3339 1028 3387 est
1036 3338 1119 3397 morie,
1128 3338 1244 3388 salutavit
1253 3341 1277 3388 et
1290 3338 1394 3388 vicissim
1405 3341 1441 3389 est
1453 3340 1606 3401 resalutatus,
1617 3344 1680 3391 tem·

890 3456 1002 3505 pusesse,
1011 3444 1039 3491 nt
1047 3443 1190 3492 mcriilcium
1198 3443 1385 3503 deoollerretur,
1395 3444 1498 3504 dicebat,
1508 3447 1537 3494 ut
1548 3447 1573 3495 et
1585 3446 1681 3496 inlerias
1708 3470 1711 3475 ·

889 3547 956 3598 heroi
969 3551 995 3598 et
1006 3550 1161 3613 conjunctam
1184 3561 1240 3597 cunr
1256 3547 1302 3597 illis
1317 3561 1430 3611 pompam
1444 3549 1591 3612 intempore
1605 3551 1679 3613 perh·

889 3668 944 3705 cere
957 3656 1048 3709 liceret.
1081 3657 1144 3716 Fiat,
1158 3654 1282 3717 inquiebat
1295 3656 1417 3705 chariclea
1429 3659 1453 3705 et
1468 3669 1622 3720 consurgens,
1638 3659 1680 3706 Vi-

890 3759 965 3820 debis,
978 3759 1008 3808 ad
1026 3772 1065 3807 me
1077 3758 1176 3830 iuquit,
1191 3758 1339 3808 charicleam
1352 3758 1432 3819 hodie,
1442 3760 1461 3806 si
1475 3762 1547 3809 antea
1559 3774 1608 3809 non
1621 3760 1681 3810 vidi-

889 3865 927 3911 sti.
959 3862 1047 3912 Adesse
1067 3862 1132 3911 eninr
1153 3865 1178 3911 et
1199 3861 1332 3911 ministram
1356 3876 1451 3925 pompm
1472 3867 1497 3912 et
1520 3864 1680 3926 parentationi

890 3966 1038 4029 Neoptolemi
1051 3966 1200 4017 consuetudo
1213 3969 1257 4017 est.
1291 3972 1358 4016 llme
1368 3970 1449 4017 aulem
1462 3967 1552 4030 puella,
1563 3971 1681 4031 cnemon,

890 4073 971 4122 inerat
978 4072 1030 4134 jam
1050 4074 1122 4122 antea
1138 4072 1188 4122 visa
1207 4073 1232 4122 et
1244 4084 1291 4120 una
1309 4070 1425 4121 sacrificia
1438 4071 1604 4122 celebraverat
1616 4073 1683 4123 etde

891 4178 965 4227 sacris
979 4177 1159 4227 narrationibus
1168 4176 1289 4227 interdum
1299 4176 1390 4239 aliquid
1406 4176 1552 4239 inquirebat.
1583 4177 1629 4228 Sed
1646 4183 1682 4226 la-

891 4297 947 4334 men
955 4283 1073 4345 tacebam,
1084 4284 1165 4333 lutura
1174 4284 1326 4345 exspectans,
1336 4282 1456 4345 simulque
1473 4283 1568 4333 ibamus
1579 4282 1609 4331 ad
1621 4287 1683 4331 tem-

892 4386 969 4449 plum.
1012 4385 1100 4435 Omnia
1126 4384 1206 4445 enim,
1226 4398 1282 4447 qum
1303 4385 1334 4434 ad
1348 4385 1493 4435 sacrificium
1517 4385 1681 4448 pertinebant,

892 4492 1017 4554 erautJam
1033 4493 1173 4554 apparataa
1189 4490 1318 4540 Thessalis.
1353 4493 1387 4543 ut
1401 4496 1482 4541 autem
1495 4491 1637 4540 accessimus
1652 4489 1683 4538 ad

892 4617 958 4653 aram
971 4606 996 4653 et
1011 4603 1149 4652 adolescens
1161 4614 1213 4650 rem
1224 4600 1332 4650 divinam
1350 4601 1490 4664 incipiebat,
1504 4603 1601 4664 precato
1612 4603 1682 4650 antea

870 4658 873 4749 θ
892 4717 1025 4775 sacerdote,
1040 4730 1071 4765 ex
1085 4714 1158 4776 adyto
1171 4713 1258 4763 ellatur
1270 4713 1322 4761 haec
1336 4711 1435 4774 Pythia:

948 4828 1025 4871 Gratia
1035 4825 1071 4870 cni
1079 4825 1175 4877 orditur,
1187 4823 1226 4868 sed
1237 4822 1286 4867 linit
1294 4822 1364 4877 gloria
1373 4830 1473 4873 nomen,

973 4900 1037 4940 lianc
1045 4894 1131 4943 multe,
1141 4904 1156 4937 o
1165 4891 1259 4947 Delphi,
1269 4890 1443 4946 progeniemque
1452 4889 1507 4933 deas.

871 4914 874 5019 ί
947 4964 991 5019 Qui
1002 4973 1051 5008 mea
1061 4963 1188 5017 linquentes
1196 4959 1305 5011 delubra,
1316 4961 1433 5013 salumque
1443 4963 1548 5013 rarenter,

872 5024 874 5083 ί
975 5033 1010 5078 hd
1019 5033 1072 5078 soils
1081 5033 1172 5077 venient
1182 5027 1332 5074 torridumalr
1342 5028 1394 5082 igne
1402 5029 1488 5079 solnm;

872 5092 874 5125 ⁵
948 5111 1026 5161 ‚lingna
1034 5105 1074 5149 ubi
1083 5102 1195 5160 precipue
1203 5100 1293 5145 virtutis
1301 5098 1496 5156 praemiatandem

872 5138 875 5220 ί
977 5174 1123 5234 tenporibus
1133 5171 1199 5217 luscis
1210 5167 1304 5217 candida
1313 5172 1373 5215 serta
1382 5173 1468 5225 gerent.
