3726 5692
781 317 891 376 Llssurr
913 316 963 373 Vl.

57 461 151 529 κριτήν
167 456 305 534 ἀκέραιον,
322 453 444 509 ἄκουσον.
489 448 523 509 Ὁ
540 448 672 513 νεανίσκος
690 438 777 524 οὗτος,
793 446 851 504 οὗτε

58 526 153 627 corpo<
174 538 208 616 ἦν
229 542 309 619 ἐμὸς,
332 539 384 597 οὔτ’
401 536 480 617 ἀνήρ·
503 535 572 594 ἀλλὰ
596 536 625 594 τὸ
647 534 780 613 μὲνγένος
800 535 852 592 άπὸ

57 612 198 706 moretm,
210 631 315 709 Τυρίων
328 627 429 693 οὐδενὸς
444 625 572 704 δεύτερος.
615 622 750 684 Ἐπλευσε
766 623 851 681 δὲκαὶ

58 724 140 788 αύτθς
153 722 201 779 οὐκ
222 720 353 796 εὐτυχῶς,
370 715 439 772 ἀλλὰ
453 722 503 780 πᾶς
526 717 539 769 ὁ
555 713 646 793 φόρτος
660 713 739 769 αὐτοῦ
763 710 851 787 γέγονε

31 817 111 882 στῆς
131 807 274 877 θαλάσσης.
316 802 466 864 Ἀκούσασα
487 801 534 869 τήν
559 799 641 879 τύχην
663 798 784 871 ἠλέησα,
808 798 853 856 καί

63 898 231 974 ἀνεμνήσθην
243 918 301 965 σου,
316 893 362 950 καὶ
374 891 508 968 παρέσχον
521 890 619 960 ἑστίαν,
635 887 715 965 τάχα,
729 886 851 966 λέγουσα,

63 988 114 1046 καί
128 985 292 1062 Θέρσανδρος
307 981 376 1040 οὕτω
390 1003 441 1037 που
456 979 605 1050 πλανᾶται,
621 977 704 1056 τάχα,
717 976 852 1055 λέγουσα,

63 1074 106 1140 τὶς
124 1073 240 1132 κάκεῖνον
265 1068 367 1138 ίλεήσει
386 1066 464 1145 γυνή.
507 1067 540 1125 Εἰ
563 1066 590 1124 δὲ
614 1068 652 1147 τῷ
676 1064 730 1123 ύντι
745 1065 852 1137 τέθνηκε

61 1159 134 1220 κατὰ
145 1161 193 1231 τήν
206 1161 356 1232 θάλασσαν,
371 1159 406 1222 ὡς
420 1159 437 1227 ἡ
454 1157 530 1235 φήμη
544 1154 624 1232 λέγει,
641 1156 702 1234 φέρε
714 1153 801 1212 πάντα
814 1179 852 1210 τι-

18 1270 47 1306 ro
60 1253 156 1327 μῶμον
167 1250 250 1307 αὐτοῦ
260 1247 293 1305 τὰ
304 1244 429 1321 ναυάγια.
475 1241 577 1309 Πόσους
588 1242 633 1300 καί
646 1243 741 1308 σίλλους
755 1241 851 1320 ἔθρεψα

58 1338 290 1416 νεναυαγηκόταςς
309 1335 410 1399 Πόσους
425 1333 511 1412 ἔθαψα
524 1336 571 1402 τῆς
583 1332 717 1399 θαλάσσης
729 1330 851 1409 νεκρούς,

59 1431 94 1488 Ei
115 1427 193 1496 ξύλον
215 1431 245 1484 ἐκ
267 1423 393 1502 ναυαγίας
414 1426 447 1501 τῇ
466 1424 500 1497 γῇ
522 1419 671 1499 προσπεσὸν
695 1419 853 1493 ἐλάμθανον,

56 1516 146 1595 τάχα,
158 1516 284 1592 λέγουσα,
299 1513 343 1572 ἐπὶ
355 1510 452 1581 ταύτης
465 1514 512 1580 τῆς
522 1507 585 1576 νεὼς
597 1508 761 1589 θέρσανδρος
771 1508 853 1568 ἔπλει,

60 1595 113 1670 Εἷς
126 1602 161 1673 tl,
173 1602 220 1662 καί
231 1594 305 1667 οὗτος
317 1592 349 1672 ἦν
366 1603 417 1657 τῶν
431 1601 461 1656 ἐκ
482 1602 529 1669 τῆς
544 1597 679 1669 θαλάσσης
699 1596 853 1672 σωζομένων

17 1705 42 1745 ΙΙ»
57 1694 186 1773 ἔσχατος.
231 1688 412 1770 Ἐχαριζόμην
424 1688 464 1745 σοί
480 1690 584 1763 τιμῶσα
595 1693 695 1745 τοῦτον.
739 1683 855 1744 'Endro-

57 1805 107 1841 σιν
127 1779 219 1861 ῶσπερ
242 1778 288 1837 ού·
311 1777 418 1852 ἐτίμων,
437 1776 559 1855 φιλτατε,
582 1779 628 1846 τῆς
649 1783 785 1854 συμφορᾶς
807 1772 854 1845 τὴν

58 1869 163 1929 είκύνοι.
207 1871 270 1935 Πῶς
281 1859 326 1925 οὖν
339 1869 451 1925 ἐνταῦθα
466 1862 666 1939 συνεπηγόμηνς
681 1863 778 1939 θλόγος
789 1865 855 1933 άλη-

58 1958 120 2030 θής.
165 1956 268 2035 Ἔτυχε
282 1953 330 2031 μὶν
349 1958 449 2012 πενθῶν
468 1954 593 2028 γυναῖκα·
607 1955 624 2023 ἡ
639 1951 661 2009 δ’
674 1949 725 2030 άρα
742 1951 854 2010 ἐλάνθου

58 2070 106 2106 νεν
118 2048 169 2106 οὐκ
183 2048 364 2103 ἀποθανοῦσα·
379 2043 455 2102 τοῦτό
473 2066 511 2109 τις
526 2044 598 2120 αὐτῷ
618 2040 788 2119 καταγορεύει
811 2040 855 2098 καί

18 2149 47 2187 2⁰
59 2139 100 2201 ὣς
114 2137 226 2193 ἐνταῦθα
242 2134 302 2208 εἴη,
317 2132 390 2211 παρά
407 2155 455 2189 τινι
469 2135 521 2188 τῶν
537 2128 672 2210 ἡμετέρων
695 2128 855 2207 ἐπιτρόπων·

62 2221 210 2295 Σωσθένην
229 2223 253 2278 δ’
271 2220 355 2297 ἔλεγε.
399 2220 454 2280 Καὶ
474 2218 555 2284 οὕτως
584 2208 657 2296 εἶχε·
679 2218 726 2288 τήν
742 2217 793 2299 γάρ
810 2218 856 2276 οῖν-

62 2318 172 2391 θροιπον
186 2310 294 2380 ἥκοντες
308 2308 427 2389 εύρομεν.
470 2306 521 2367 Διίι
534 2313 609 2365 τοῦτο
624 2305 785 2378 ἠκολούθησέ
802 2330 855 2383 μοι.

60 2395 158 2478 Ἔχεις
180 2399 225 2457 τὀν
250 2396 398 2468 Σωσθένην,
422 2396 548 2475 πάρεστιν
573 2400 589 2465 ἡ
615 2395 680 2471 γυνὴ
704 2395 773 2453 κατά
799 2399 856 2463 τοὺς

61 2486 174 2566 ἀγρούς.
218 2486 361 2554 Ἐξέτασον
380 2488 432 2542 τῶν
452 2483 595 2564 λεχθέντων
619 2482 739 2545 ἕκαστον.
785 2483 820 2543 Εἴ
832 2509 856 2541 τι

20 2590 48 2627 ²⁵
62 2576 233 2657 ἐψευσάμην,
248 2574 438 2654 μεμοίχευμαι.

106 2663 138 2727 l'.
156 2667 251 2723 Ταῦτα
267 2665 291 2721 δ’
305 2664 390 2741 ἔλεγε,
402 2659 639 2741 προσποιησαμένη
652 2661 696 2719 τὸν
709 2662 857 2740 ἀφανισμὸν

63 2759 113 2824 τῆς
128 2752 288 2822 Λευκίππης
307 2751 346 2827 μὴ
368 2750 527 2829 ἐγνωκέναι·
548 2751 747 2826 ταμιευσαμένη
769 2742 856 2823 αὖθις,

66 2846 89 2902 εί
105 2841 217 2913 ζητήσει
234 2845 248 2898 ὁ
262 2839 427 2920 Θέρσανδρος
440 2843 524 2918 εὑρεῖν
536 2838 584 2910 τὴν
600 2840 737 2914 ἀλήθειαν,
752 2839 798 2903 τὰς
813 2846 856 2897 θε-

65 2930 199 3012 ραπαίνας
221 2931 341 3006 ἀγαγεῖν,
355 2918 396 2994 αἶς
410 2920 609 2986 συναπελθοῦσα
625 2927 726 3006 ἔτυχεν,
740 2926 770 2984 ἂν
784 2926 855 3003 (μή)

27 3037 53 3076 ω
64 3015 252 3098 παραγένηται
266 3017 326 3095 περὶ
338 3015 385 3087 τήν
398 3016 443 3088 ἕω,
456 3015 599 3093 λεγούσας,
612 3015 676 3095 ὅπερ
689 3006 730 3084 ἦν,
742 3016 857 3090 οὐδαμοῦ

67 3106 206 3181 φαίνεσθαι
220 3101 268 3174 τὴν
290 3104 381 3182 κόρην.
425 3101 505 3163 Οὕτω
524 3102 576 3184 γάρ
590 3101 671 3172 αὐτὴν
694 3101 755 3183 (ἂν)
771 3103 856 3178 ἐγκεῖ-

68 3198 127 3252 σθαι
143 3192 212 3273 πρὸς
234 3190 281 3263 τήν
297 3192 404 3263 ζήτησιν
426 3194 558 3272 φανερῶς,
577 3189 645 3268 [ὡς]
659 3189 704 3248 καί
726 3189 769 3246 τθν
784 3187 857 3268 Θέρ-

70 3282 179 3357 σανδρον
200 3280 396 3354 ἐπαναγκάσαι.
441 3279 523 3339 Ταῦτ’
536 3269 580 3336 odo
595 3276 792 3357 ὑποκριναμένη
813 3301 857 3335 πιι

72 3373 169 3440 θανῶς,
186 3370 298 3427 κάκεῖνα
319 3369 479 3448 προσετίθει·
503 3369 661 3438 Πίστευσον,
687 3366 762 3447 ἄνερ·
785 3369 857 3426 οὐδέν

43 3479 65 3519 8
75 3480 139 3534 pou,
154 3458 281 3537 φίλτατε,
295 3455 369 3537 παρά
380 3456 424 3515 τὸν
440 3462 486 3529 τῆς
502 3454 673 3533 συμύιῶσεως
692 3456 859 3533 κατέγνωκας

76 3545 180 3623 χρόνον·
204 3544 273 3621 μηδὲ
296 3551 340 3602 νῦν
361 3548 476 3603 τοιοῦτον
492 3543 639 3625 ὑπολάθης.
683 3544 717 3603 Ἡ
737 3544 764 3601 δὲ
784 3544 858 3624 φήμη

81 3631 274 3714 διαπεφοίτηκεν
296 3635 327 3689 ἐκ
347 3636 393 3703 τῆς
416 3634 451 3698 εἰς
475 3631 520 3690 τὸν
541 3633 675 3691 νεανίσκον
694 3636 790 3708 τιμῆς,
813 3637 859 3692 οὐκ

86 3719 179 3779 Mans
192 3725 243 3778 τῶν
255 3721 362 3779 πολλῶν
374 3720 422 3790 τήν
442 3719 528 3779 αἰτίαν
550 3725 596 3791 τῆς
615 3720 760 3787 κοινωνίας.
807 3723 860 3782 Καὶ

10 3836 12 3845 ·
88 3805 131 3883 rip
147 3807 267 3889 σθφήμη
289 3807 426 3879 τέθνηκας.
471 3808 559 3886 Φήμη
571 3809 598 3867 δὲ
623 3809 669 3867 καλ
684 3808 801 3880 Διαύολή
815 3811 861 3869 δύο

66 3901 187 3972 bernrvit
209 3898 291 3956 κακά.
343 3897 472 3978 θυγάτηρ
494 3902 511 3968 ή
539 3896 626 3974 Φήμη
648 3902 695 3968 τῆς
717 3897 858 3968 dictales.

98 3982 140 4040 lld
158 3984 209 4043 ἐστι
228 3984 277 4062 μὲν
300 3989 317 4055 ἡ
339 3984 457 4055 Διαθολὴ
478 3986 611 4066 μαχαίρας
633 3983 758 4064 ὀξυτέρα,
783 3987 862 4064 πυρὸς

102 4073 252 4154 θεοίροτέρα,
266 4075 401 4154 Σειρήνων
416 4075 597 4153 πιθανωτέρα·
612 4080 630 4145 ἡ
647 4075 674 4133 δὲ
695 4075 783 4151 Φήμη
795 4074 861 4133 lidor-

105 4176 134 4221 itt
147 4161 281 4241 θγρστέρα,
303 4162 453 4239 πνεύματος
472 4161 669 4242 δρομικωτέρα,
689 4167 791 4242 πτερῶν
811 4188 862 4222 τα-

106 4244 188 4325 quen.
226 4247 316 4309 Ὅταν
331 4240 405 4320 ούνὴ
426 4250 545 4322 ΔιαὸολιίΙ
566 4251 676 4331 τοξιύσῃ
692 4252 737 4311 τὸν
751 4254 862 4331 λύγον,ὁ

83 4328 143 4399 “pb
159 4336 225 4407 δίκην
243 4340 333 4417 βέλους
351 4338 487 4406 ἐξίπταται
515 4341 561 4398 καὶ
584 4340 722 4418 τιτρώσκει
744 4340 781 4417 μή
805 4365 863 4399 πα-

112 4413 165 4488 litte
173 4426 226 4484 καθ’
240 4417 271 4484 ού
289 4426 438 4501 πέμπεται·
459 4432 472 4486 θ
487 4429 508 4486 δ’
522 4429 623 4486 ἀκούων
639 4428 707 4508 ταχθ
729 4429 860 4500 πείθεται,

112 4503 217 4609 λθ’ῑιθγγῖς
231 4517 304 4595 αὐτῷ
316 4523 367 4596 πῦρ
383 4515 523 4585 ἐξάπτεται
545 4518 589 4576 καί
612 4519 654 4578 ἐπὶ
674 4517 717 4576 τὸν
735 4517 862 4595 βληθέντα

114 4606 212 4658 marrae
253 4605 386 4683 Τεχθεῖσα
410 4606 434 4662 δ’
453 4609 470 4676 ἡ
492 4605 579 4682 Φήμη
601 4610 638 4684 τῷ
656 4606 806 4682 τοξεύματι,
825 4611 865 4687 ῥεῖ

30 4712 34 4717 ·
115 4672 216 4757 ίθῑθθθς
227 4692 329 4763 πολλή,
344 4693 389 4752 καί
401 4694 531 4763 ἐπικλύζει
549 4693 583 4752 τθι
597 4684 652 4752 ῶτα
667 4699 718 4753 τῶν
740 4697 864 4775 ἐντυχόν-

86 4769 158 4864 ωθζθ,
176 4776 272 4837 διαπνεῖ
293 4782 316 4839 δ’
338 4781 382 4839 ἐπί
404 4784 526 4840 πλεῖστον
550 4783 737 4861 καταιγίζουοα
756 4788 794 4863 τῷ
819 4792 863 4843 τοῦ

115 4844 170 4927 loquo
183 4868 322 4942 πνεύματι,
345 4869 391 4927 καὶ
414 4869 549 4937 ἐξίπταται
568 4871 741 4952 καυριζομένη
760 4877 798 4951 τῷ
819 4879 865 4942 τῆς

115 4936 200 5023 Τίθῖπς
216 4960 315 5035 πτερῶ.
357 4958 450 5017 Ταῦτά
475 4983 507 5036 με
524 4959 558 5017 τθι
575 4961 620 5018 δύο
643 4963 768 5036 πολεμεῖ·
781 4963 864 5019 ταῦτά

116 5038 195 5110 ’θεία
206 5044 292 5124 ψυχὴν
312 5046 444 5105 κατέύαλε
463 5048 508 5105 καὶ
526 5050 663 5107 ἀπέκλεισέ
679 5073 729 5126 μου
751 5051 804 5115 τοῖς
819 5051 864 5109 λά-

10 5139 31 5148 “
115 5131 199 5189 ’θθίτῶν
211 5131 284 5193 ὤτων
296 5157 343 5193 σου
353 5134 399 5202 τάς
410 5136 498 5216 θύρας.

1647 331 1684 378 so

873 456 877 511 ἵ
897 453 1046 503 substituens
1058 453 1164 514 judicem
1174 456 1294 516 integrum
1303 457 1367 503 audi.
1402 456 1545 504 Adolescens
1557 459 1595 504 bic
1606 473 1684 520 neque

874 558 877 567 ·
898 530 1002 589 adulter,
1015 544 1095 592 neque
1105 531 1210 592 conjunx
1226 545 1294 580 meus
1308 534 1344 580 est
1360 545 1365 573 τ
1382 532 1424 580 sed
1438 546 1524 593 genere
1538 535 1648 595 Plnenix,
1663 541 1688 586 et

898 607 1027 668 Tyriorum
1051 605 1110 655 nulli
1131 605 1261 654 secundus.
1296 609 1318 654 ls
1341 620 1397 654 cum
1421 608 1561 667 navigaret,
1584 611 1687 660 adversa

898 684 1030 732 admodum
1047 684 1144 732 tortuna
1164 698 1221 733 usus
1242 687 1299 733 est:
1321 685 1410 746 quippe
1424 698 1510 735 omnes
1528 687 1580 748 ejus
1595 702 1688 739 merces

901 761 1026 822 naufragio
1042 765 1192 822 consumptae
1205 761 1336 822 perierunt.
1371 761 1442 819 Quod
1455 776 1498 824 ego
1508 777 1565 812 cum
1580 766 1688 815 audivis-

899 851 967 897 sem,
983 839 1121 887 calamitate
1141 839 1244 887 bominis
1258 843 1381 889 commota
1399 853 1469 899 sum,
1485 844 1509 890 et
1531 843 1566 891 tui
1590 858 1684 895 memor

899 920 1002 982 bospitio
1014 920 1107 982 accepi,
1117 932 1213 969 mecum
1223 918 1282 967 illud
1293 920 1409 981 cogitans,
1421 921 1472 970 beri
1487 925 1601 984 potuisse,
1621 930 1647 974 ut
1661 931 1688 975 tu

899 1010 996 1058 quoque
1011 996 1045 1043 sio
1066 1009 1173 1055 errares,
1193 999 1310 1056 tuamque
1328 997 1491 1047 calamitatem
1509 1001 1596 1049 mulier
1609 1001 1689 1062 aliqua
1735 1010 1738 1018 '

899 1072 1039 1121 sublevaret
1058 1088 1063 1119 :
1082 1075 1125 1121 aut
1140 1072 1159 1120 si
1175 1085 1258 1120 revera
1273 1072 1298 1120 iu
1314 1072 1400 1133 undis,
1421 1077 1448 1124 ut
1468 1075 1531 1123 tama
1550 1076 1608 1138 tuit,
1624 1077 1689 1127 diem

899 1150 1010 1209 obiisses,
1027 1164 1075 1198 non
1090 1150 1163 1212 impie
1183 1164 1221 1199 me
1242 1150 1376 1210 iacturam,
1396 1153 1415 1200 si
1437 1154 1558 1215 naufragis
1576 1155 1689 1206 omuibus

900 1227 1088 1276 misericordiam
1112 1227 1257 1276 tribuissem.
1292 1230 1352 1277 tiam
1369 1232 1430 1291 quot
1454 1231 1513 1280 alios
1528 1245 1567 1280 me
1591 1235 1689 1282 nauba-

899 1315 941 1363 gos
963 1302 1102 1352 sublevasse
1123 1305 1213 1364 putas?
1235 1308 1294 1365 quot
1318 1304 1388 1353 nudis
1405 1305 1544 1357 submersos
1560 1309 1689 1370 sepulture

900 1378 1043 1427 mandasse?
1053 1379 1072 1427 si
1086 1379 1159 1427 modo
1171 1379 1263 1440 lignum
1276 1394 1289 1428 e
1301 1382 1424 1442 naufragio
1437 1383 1467 1430 ad
1482 1386 1570 1432 terram
1581 1384 1689 1435 delatum
1761 1409 1766 1418 ·

901 1453 1004 1502 nancisci
1019 1453 1101 1515 potui,
1116 1469 1211 1503 mecum
1229 1456 1355 1518 inquiens,
1370 1456 1430 1505 torte
1442 1457 1489 1506 bac
1499 1472 1562 1508 nare
1573 1463 1592 1508 T
1596 1460 1689 1511 lrersan·

900 1527 943 1576 der
958 1528 1100 1577 vellebatur.
1135 1533 1171 1578 Er
1184 1530 1214 1578 iis
1225 1533 1323 1589 autem,
1336 1531 1378 1593 qui
1391 1532 1466 1593 pelagi
1480 1533 1529 1581 vim
1543 1536 1689 1598 ellegerunt,

902 1615 966 1649 nnus
978 1602 1017 1650 bic
1026 1639 1033 1660 ‚
1043 1605 1068 1652 et
1081 1603 1179 1665 quidem
1193 1609 1328 1665 postremus
1340 1606 1386 1654 tuit
1401 1621 1406 1653 ε
1423 1621 1494 1668 quem
1513 1609 1572 1657 dum
1587 1624 1631 1673 ego
1646 1613 1691 1661 bo-

900 1691 959 1727 nore
968 1679 1056 1739 atleci,
1070 1679 1129 1741 quid
1142 1680 1224 1741 aliud,
1236 1695 1310 1743 quam
1323 1683 1348 1730 in
1364 1685 1388 1730 te
1399 1684 1505 1732 oliiciosa
1517 1685 1571 1734 sui?
1587 1689 1690 1750 Naviga-

901 1754 938 1801 vit
952 1753 993 1802 ille
1006 1755 1213 1816 quemadmodum
1224 1758 1297 1805 etiam
1308 1759 1335 1804 lu
1346 1772 1353 1803 ε
1367 1756 1456 1805 idcireo
1466 1760 1517 1820 ejus
1528 1761 1689 1813 calamitatem

902 1830 1017 1889 tanquam
1030 1831 1080 1876 lure
1091 1830 1236 1889 imaginem,
1249 1829 1371 1878 carissime
1383 1831 1489 1892 conjux,
1503 1834 1616 1883 irriserata
1624 1849 1689 1885 sum.

902 1906 955 1959 Quo
968 1906 1039 1964 pacto
1052 1907 1133 1952 autern
1149 1904 1218 1953 illurn
1233 1905 1281 1953 bue
1299 1918 1395 1954 meeunr
1409 1906 1521 1956 adduxi?
1540 1911 1617 1959 oratio
1636 1925 1691 1960 mea

902 1987 967 2024 vera.
1000 1979 1077 2025 Porro
1099 1980 1180 2027 autern
1206 1979 1226 2028 is
1251 1992 1351 2029 uxorem
1378 1994 1447 2029 suam
1473 1983 1582 2045 lugebat,
1608 1986 1689 2048 illam,

901 2066 1041 2115 quanquam
1054 2054 1132 2115 laiso,
1145 2054 1242 2115 periisse
1256 2060 1339 2113 ratus,
1351 2069 1406 2105 cum
1420 2057 1519 2106 bradam
1535 2060 1622 2122 aliquis
1634 2077 1688 2112 eam

903 2129 984 2176 virere
995 2131 1071 2189 atque
1079 2128 1142 2190 apud
1154 2143 1254 2178 unume
1268 2132 1466 2191 procuratoribus
1478 2134 1565 2183 nostris
1574 2138 1583 2196 (
1592 2138 1690 2188 Sostbe-

902 2215 957 2251 uem
974 2207 1057 2252 autem
1069 2205 1228 2267 nominabat)
1239 2204 1369 2266 (liverani,
1388 2209 1457 2257 nobis
1474 2211 1556 2259 retulit
1573 2225 1693 2275 :remque

903 2279 936 2326 ita
956 2293 981 2328 so
996 2280 1085 2329 babere
1096 2285 1249 2343 compertum
1264 2284 1307 2330 est.
1343 2285 1393 2332 ilus
1414 2284 1479 2332 euim
1499 2287 1616 2348 proiecti,
1636 2304 1690 2338 mu·

903 2356 985 2405 berem
998 2357 1150 2406 invenimus:
1165 2361 1238 2419 atque
1250 2358 1295 2406 bac
1307 2358 1337 2407 de
1349 2372 1421 2407 causa
1437 2373 1476 2409 me
1488 2362 1528 2410 ille
1537 2368 1634 2415 secutus
1647 2369 1690 2418 ast.

904 2433 982 2480 llabes
999 2435 1156 2494 sosthenem,
1175 2434 1262 2483 mulier
1280 2437 1328 2484 ruri
1344 2439 1389 2484 oet.
1426 2440 1459 2485 be
1474 2438 1502 2486 iis
1518 2441 1632 2492 omnibus
1646 2446 1690 2492 tuo

903 2510 1020 2559 arbitratu
1035 2516 1202 2572 percunctare.
1236 2512 1260 2560 Si
1275 2511 1334 2574 quid
1345 2514 1469 2562 mentitam
1479 2528 1530 2566 esse
1543 2530 1582 2568 me
1593 2533 1691 2581 compe·

904 2588 962 2637 reris
973 2625 980 2648 ,
993 2589 1107 2639 adulterii
1118 2604 1183 2639 ream
1196 2603 1252 2653 agas
1266 2590 1332 2640 ticet.

880 2670 882 2717 Ι
935 2669 964 2715 λ’.
981 2669 1039 2716 liaeo
1052 2669 1134 2717 Melite
1147 2668 1256 2728 dicebat,
1274 2672 1406 2731 Leuerppes
1422 2673 1517 2733 raptum
1529 2674 1590 2724 scire
1604 2689 1630 2724 se
1644 2676 1692 2724 dis·

903 2754 1029 2817 simulans,
1040 2757 1114 2818 atque
1123 2756 1148 2804 in
1157 2756 1238 2805 animo
1247 2757 1351 2818 babens,
1362 2759 1381 2805 si
1391 2759 1489 2820 quidem
1500 2762 1556 2810 laeli
1567 2764 1691 2815 veritatem

880 2892 883 2923 Ι
908 2844 1019 2904 ίιιιίοςςειισ
1031 2846 1179 2893 Thersander
1191 2846 1335 2908 studuisset,
1351 2849 1458 2909 ancillas,
1473 2850 1618 2910 quibuscum
1631 2853 1691 2899 Len·

880 2944 883 3017 γ
905 2933 1691 3001 cippeabierat,siprslridiemanenonreversaesset,testesdare,

880 3048 883 3079 ,
904 3020 1133 3087 puellamuusquam
1146 3020 1244 3080 reperiri
1256 3019 1370 3069 dicturas.
1405 3022 1444 3070 Sic
1456 3023 1520 3070 eninr
1531 3023 1597 3083 tore,
1607 3027 1634 3071 ut
1644 3024 1692 3087 ipsa

881 3086 882 3127 ί
905 3108 983 3170 palam
996 3122 1092 3171 operam
1103 3109 1160 3157 dare
1170 3112 1249 3170 posset
1262 3111 1428 3171 perquirenda¹
1440 3113 1542 3174 puellm,
1557 3114 1583 3163 et
1596 3114 1692 3177 insuper

904 3197 1081 3247 'stremandrum
1094 3197 1178 3246 eadem
1193 3198 1271 3247 lacere
1290 3202 1392 3260 cogeret.
1427 3201 1587 3262 Quinimmo,
1605 3217 1692 3264 quam-

905 3299 980 3347 quam
992 3285 1050 3335 satis
1063 3288 1170 3347 apposite
1190 3286 1287 3335 linxisse
1304 3286 1441 3349 videbatur,
1454 3292 1534 3338 tanren
1549 3290 1607 3339 illud
1620 3293 1692 3341 etiam

905 3374 1014 3423 addidit:
1028 3377 1111 3435 neque
1124 3387 1192 3433 vero,
1206 3374 1310 3435 conjnx,
1325 3388 1380 3436 qrrar
1392 3376 1458 3437 dixi,
1475 3378 1532 3426 laisa
1546 3392 1598 3428 esse
1607 3384 1692 3441 putes:

906 3477 961 3511 narn
974 3463 1064 3512 nullius
1074 3462 1167 3524 probri,
1179 3463 1238 3510 dum
1248 3464 1320 3512 simul
1332 3468 1430 3513 aetatem
1446 3467 1553 3528 egimus,
1567 3480 1607 3516 me
1622 3482 1694 3517 aecu-

905 3551 961 3599 sasti
972 3550 1129 3613 quamobrem
1145 3565 1176 3600 ne
1188 3565 1251 3600 nrrnc
1264 3554 1310 3600 lale
1322 3552 1380 3615 quid
1399 3553 1534 3615 suspiceris.
1567 3558 1642 3605 Fama
1650 3570 1694 3606 au·

907 3645 954 3688 tem
967 3639 1020 3688 brec
1030 3653 1060 3689 er
1071 3639 1161 3688 bonore
1171 3639 1316 3689 adolescenti
1329 3640 1411 3689 babito
1424 3644 1509 3691 exorta
1522 3645 1571 3704 est,
1586 3658 1615 3694 eo
1629 3646 1693 3708 quod

907 3730 996 3778 multos
1008 3730 1093 3778 lateret
1105 3742 1190 3789 causa,
1205 3729 1363 3791 quamobrem
1376 3743 1454 3780 meam
1469 3731 1537 3781 illum
1557 3733 1582 3782 in
1594 3736 1694 3783 inmitia·

908 3817 1003 3865 ritatem
1013 3818 1154 3879 receperim.
1188 3817 1257 3874 Quod
1269 3818 1290 3866 si
1302 3816 1373 3866 lamro
1384 3819 1531 3869 credendum
1542 3822 1589 3882 sit,
1602 3836 1633 3871 an
1646 3837 1694 3874 non

908 3909 933 3954 tu
952 3919 1049 3968 quoque
1068 3907 1193 3968 naufragio
1215 3907 1355 3956 submersus
1377 3907 1463 3957 obiisse
1482 3910 1604 3971 putandus
1616 3915 1696 3962 esses?

908 3995 1036 4045 Calumnia
1048 3995 1146 4045 enimet
1159 3996 1221 4045 loma
1233 3996 1282 4044 duo
1294 3998 1353 4045 sunt
1363 3997 1409 4045 ribi
1420 4001 1521 4059 cognata
1533 4000 1609 4061 mala,
1622 4002 1694 4049 nirni-

909 4096 962 4131 rum
981 4084 1037 4144 quia
1054 4083 1106 4131 baec
1125 4083 1189 4132 itlius
1201 4084 1248 4132 tilia
1269 4087 1313 4133 est.
1348 4088 1426 4146 Atque
1446 4087 1486 4134 illa
1505 4087 1604 4150 quidem
1618 4090 1696 4149 gladio

908 4172 1012 4231 acutior,
1034 4171 1087 4232 igne
1108 4171 1240 4231 ardentior,
1262 4176 1285 4220 et
1308 4172 1338 4220 ad
1361 4174 1553 4235 persuadendum
1575 4176 1697 4226 sirenibus

908 4261 986 4321 aptior
1004 4262 1059 4309 est:
1076 4261 1128 4309 baeo
1147 4273 1204 4309 vero
1225 4274 1289 4322 aqua
1305 4262 1380 4323 magis
1398 4263 1480 4324 bura,
1497 4266 1570 4314 vento
1587 4266 1695 4325 celerior,

909 4352 932 4397 et
953 4349 1072 4410 pernicior
1085 4349 1137 4399 alis.
1171 4349 1334 4406 Quamobrem
1355 4365 1435 4399 sermo
1456 4367 1557 4413 qunma
1574 4354 1695 4402 calumnia

885 4472 888 4511 ,
909 4437 1011 4485 emimus
1033 4438 1117 4498 tuerit,
1134 4437 1226 4498 sagittar
1248 4438 1271 4486 in
1291 4452 1382 4489 morem
1401 4442 1494 4498 evolat,
1511 4441 1696 4503 absentemque,

885 4518 888 4577 ἱ
910 4527 934 4574 in
946 4540 1018 4589 quem
1031 4528 1145 4586 mittitur,
1160 4526 1287 4576 vulnerat:
1303 4530 1344 4591 qui
1360 4543 1417 4577 vero
1429 4529 1510 4587 audit,
1524 4529 1592 4577 tacite
1610 4530 1697 4580 admo·

910 4616 969 4664 dum
990 4616 1080 4676 credit,
1109 4615 1193 4678 iraque
1212 4630 1327 4665 aecensus
1349 4617 1373 4665 in
1394 4618 1546 4666 vnlnerulunr
1568 4618 1632 4668 lurit.
1666 4623 1698 4670 At

886 4676 888 4775 ἰ
912 4706 974 4753 lama
988 4719 1019 4753 oa
1031 4705 1133 4753 vulnere
1145 4705 1285 4766 bujusrnodi
1299 4705 1427 4765 multiplex
1443 4704 1541 4765 quirlom
1555 4707 1636 4756 statim
1650 4707 1696 4757 dil'-

886 4816 889 4837 ι
911 4793 1019 4842 irmditur
1031 4808 1036 4840 τ
1049 4798 1073 4841 et
1085 4795 1202 4842 sermonis
1214 4798 1287 4841 vento
1300 4797 1368 4852 acta,
1382 4793 1519 4854 linguaque
1537 4795 1621 4856 pennis
1638 4797 1697 4846 inte—

912 4882 957 4929 rim
971 4883 1118 4938 sustentata,
1142 4894 1225 4929 omnes
1244 4882 1267 4928 in
1291 4884 1369 4942 parles
1388 4881 1566 4942 circumfertur,
1588 4884 1613 4932 in
1634 4885 1697 4934 obvii

912 4970 1030 5031 cujusque
1044 4983 1114 5017 auras
1128 4970 1235 5017 illabens.
1270 4973 1312 5017 itae
1329 4973 1412 5017 contra
1432 4983 1470 5018 me
1484 4969 1539 5020 dum
1553 4975 1631 5033 pestes
1643 4988 1698 5022 con-

887 5072 890 5125 γ
911 5059 1065 5119 spiraverunt
1076 5057 1182 5107 :eaedem
1195 5058 1304 5105 animum
1314 5069 1379 5105 nunc
1392 5060 1463 5108 tuum
1472 5064 1605 5122 occupant,
1617 5075 1695 5110 meos·

887 5160 890 5176 ·
911 5160 958 5209 que
972 5147 1003 5195 ab
1016 5147 1171 5196 auribustuis
1185 5160 1306 5197 sermones
1317 5149 1408 5196 arcent.
