3726 5692
771 309 890 367 hohor
915 308 1189 369 Pastottnhltih

1030 450 1117 497 xxix.
1135 448 1212 511 'Atque
1227 452 1292 498 totus
1302 451 1347 499 iste
1357 464 1414 512 grex
1425 451 1634 514 undiquechtoen
1644 455 1788 508 circumsta-

999 527 1053 586 hat,
1069 531 1093 576 et
1108 531 1222 590 tanquam
1241 530 1329 576 cirorus
1342 530 1439 590 quidam
1453 531 1613 593 tripudiabat,
1629 533 1788 598 baiahatque,

167 619 322 697 Jaipovw
347 618 421 674 ,γει
443 619 493 672 ,ῶν
514 618 601 672 ἄρχω,
625 619 740 674 airoino
763 621 833 694 u,JJJJ
851 617 897 673 χαι,
918 617 952 673 ,J
999 612 1023 655 et
1033 608 1141 656 laetitiam
1151 610 1224 668 atque
1236 607 1380 657 hilaritatem
1393 610 1587 670 praeseferebat.
1622 612 1789 662 Atiorumau-

169 705 274 783 πρόὸατ
277 732 292 763 α
307 728 352 762 και
365 704 397 761 τά
414 706 536 782 βουκόλια
550 704 618 762 κατά
630 705 753 785 χώραν
734 705 824 763 έιιενεν
838 707 865 762 ἐν
876 706 951 809 κοίλγ,
999 688 1054 813 ἑῗὲ
1062 688 1794 825 λέῗξὲζὲωωέῖίὲἱῖιῇίξίἕαοΐηγὲἑᾞᾚᾟθῗγῃῗθἃ

1719 807 1727 831 2

140 730 226 865 ⁵23⁹
246 794 364 900 χῶθάπῗρ
378 791 445 848 αὐτὰ
460 796 505 848 τοῦ
521 791 613 895 μέλους
629 793 667 896 μί
685 794 836 892 ’‘Qum‘'
879 796 953 852 0⁸⁰⁸
1000 857 1072 907 quarn
1093 844 1144 905 ipsa
1156 847 1229 892 cantu
1242 844 1285 893 itio
1296 858 1344 893 nou
1356 849 1480 895 evocante.
1514 847 1669 909 comiteque
1684 849 1792 899 admira.

170 905 233 938 ιιατι
260 895 287 938 οε
311 902 416 984 πριντων
441 881 603 983 ἐγεχομενων
626 902 671 936 και
695 901 738 936 τον
763 883 841 939 Πᾶνα
867 884 953 959 εῦρη-
1000 932 1164 981 Jonwmnoe
1175 935 1313 982 tenerentur
1335 932 1634 995 panemqueoelemt
1662 884 1792 998 'com

170 968 304 1043 ⁹⁰²3v³w⁹⁹
326 971 400 1045 ωίθη
418 987 515 1023 τουτων
531 969 556 1022 ἐν
574 974 627 1032 τοῖς
646 966 782 1044 στοιχείοις
799 970 954 1047 ἀμφοτέροις
1000 1018 1056 1064 suut
1070 1015 1094 1065 iu
1108 1020 1211 1079 utroque
1223 969 1342 1066 elemento
1354 1015 1473 1078 prioribus
1482 971 1647 1067 mirabiliora,
1667 1020 1791 1082 hietlvym·

1000 1100 1060 1149 uaeis
1071 1112 1187 1161 namque,
1198 1100 1337 1163 priusquam
1350 1101 1492 1150 revellerent
1503 1113 1616 1162 ancoras,
1626 1114 1700 1151 nares
1707 1116 1788 1153 curre·

1001 1185 1069 1245 baut,
1077 1187 1101 1233 et
1110 1196 1195 1233 navem
1204 1183 1532 1247 pretoriamanphiuemsri
1539 1185 1664 1249 prosiliens
1673 1186 1790 1248 preibat:

1000 1268 1158 1318 suarimimos
1167 1267 1255 1318 fistulae
1271 1281 1344 1317 sonus
1353 1280 1438 1330 capras
1452 1280 1557 1330 ovesque
1568 1267 1684 1327 ducebat,
1696 1271 1792 1320 nemine

1001 1353 1080 1401 sistuta
1094 1354 1220 1401 canentem
1231 1351 1334 1402 vidente.
1369 1355 1433 1402 Oves
1447 1365 1502 1414 ergo
1511 1355 1536 1401 et
1545 1353 1642 1415 capeitar
1654 1353 1726 1402 simui
1735 1368 1790 1416 pro·

1001 1438 1132 1498 cedebant,
1147 1443 1171 1486 et
1183 1437 1370 1500 mhutahantur,
1384 1438 1489 1486 suaviter
1501 1437 1600 1499 hujusce
1612 1441 1698 1489 cautus
1707 1439 1789 1488 modu·

1002 1521 1090 1570 lamine
1100 1520 1215 1570 delinitae.
1274 1557 1280 1575 .

1033 1608 1109 1656 xxx.
1124 1605 1229 1656 hiterius
1238 1603 1353 1670 pastionis
1364 1606 1459 1667 tenipus
1477 1609 1542 1667 erat,
1557 1619 1612 1655 cuni
1633 1607 1751 1687 qaphnis,
1761 1608 1791 1657 ah

1002 1705 1065 1753 edita
1072 1705 1177 1767 quadam
1185 1705 1281 1767 specula
1291 1704 1422 1767 prospectis
1429 1704 1537 1767 gregibus
1543 1705 1707 1768 atquechioe,
1716 1708 1792 1757 calide

1004 1804 1153 1865 exclamans,
1165 1817 1181 1852 o
1194 1803 1321 1866 Nymphae,
1333 1817 1349 1851 o
1362 1806 1424 1862 Pau,
1436 1803 1542 1852 decurrit
1553 1803 1577 1851 in
1590 1816 1718 1866 campum,
1729 1808 1755 1855 et
1769 1806 1792 1855 iu

174 322 227 372 152

210 442 282 501 ΚΘ.
299 441 350 500 Ιίαὶ
363 447 446 497 ταῦτα
460 439 506 516 μὲν
518 437 683 544 περιίσταται
693 439 781 519 κύκλῳ
791 441 838 509 τήν
852 439 951 512 Χλόην,

168 528 258 606 ῶσπερ
279 531 375 607 χορός,
399 532 543 606 σκιρτῶντα
564 529 609 584 καί
630 499 792 635 5ληγιίιμεύα
809 529 853 585 καὶ
873 526 950 603 όμοια

168 1054 383 1135 θαυμασιώτερα.
437 1057 498 1113 Τῶν
518 1057 565 1130 μὲν
582 1056 782 1132 Μηθυμναίων,
802 1057 863 1134 πρὶν
885 1059 952 1114 ἀνα-

170 1147 271 1204 σπάσαι
285 1144 332 1210 τίς
343 1142 467 1222 ἀγκύρας,
480 1142 571 1202 ἔπλεον
584 1147 676 1210 stim<
687 1144 786 1212 καὶτῆς
797 1146 954 1224 ναυαρχίδος

130 1257 154 1293 ιο
169 1235 257 1311 ἡγεῖτο
279 1233 370 1312 δελρὶν
387 1234 479 1304 πηδῶν
496 1231 522 1299 ἐξ
541 1233 615 1298 ἁλός·
636 1237 686 1289 τῶν
706 1235 728 1290 δ’
749 1236 829 1309 αἰγῶν
844 1237 889 1292 καί
904 1238 954 1291 τῶν

168 1320 309 1401 προύοίτων
330 1320 420 1396 ἡγεῖτο
441 1319 560 1398 σύριγγος
578 1312 642 1398 ἦχος
659 1319 762 1390 ἥδιστος
779 1321 825 1378 καί
843 1321 887 1379 τὀν
903 1345 955 1380 συ-

170 1412 288 1487 ρίττοντα
303 1408 415 1466 έύλεπεν
428 1410 524 1475 οὐδείς·
539 1407 608 1466 ὥστε
619 1408 652 1465 τὰ
665 1410 774 1484 ποίμνια
787 1409 831 1468 καί
846 1414 872 1468 αί
886 1402 956 1489 αἶγες

168 1499 301 1577 προῄεσαν
317 1498 374 1574 ἅμα
391 1498 436 1556 καὶ
451 1498 572 1574 ἐνέμοντο
584 1497 744 1574 τερπόμεναι
756 1502 793 1575 τῷ
808 1501 892 1574 μέλει.

210 1589 253 1648 h'.
276 1589 405 1666 Δευτέρας
426 1611 476 1645 που
496 1591 578 1663 νομῆς
601 1586 689 1664 καιρὸς
710 1577 742 1656 ἦν
762 1586 807 1643 καί
826 1593 840 1645 ό
859 1588 956 1666 Δάρνις

131 1695 154 1733 ιο
169 1676 222 1734 ἀπὸ
235 1682 335 1748 σκοπῆς
348 1700 413 1743 τινος
428 1677 559 1754 μετεώρου
572 1675 732 1750 θεασόμενος
745 1674 791 1740 τὰς
804 1673 897 1752 ἀγέλας
911 1676 955 1731 καὶ

169 1766 216 1835 τήν
237 1767 344 1839 Χλόην,
366 1765 435 1842 μέγα
454 1765 567 1843 βοήσας,
592 1792 604 1814 v
623 1753 772 1844 ῶΝύμραι
786 1764 830 1821 καί
846 1763 918 1834 Πὰν,
940 1792 952 1814 ι»

225 1854 248 1874 ιι
369 1856 376 1876 ‚
426 1854 431 1867 ι
501 1853 518 1872 ,ι
615 1851 621 1871 ι
787 1851 792 1868 ι
845 1857 861 1870 ι
933 1853 938 1867 ,

169 1877 333 1934 mmmm„
355 1877 390 1919 εις
409 1876 438 1911 το
459 1875 560 1910 πων·
580 1875 625 1909 m
640 1854 809 1959 περιπίακεις
829 1875 862 1932 τί
881 1855 955 1931 ‘mn
1003 1903 1091 1952 dhiods
1108 1903 1234 1966 amplexus
1254 1916 1339 1963 ruens,
1353 1904 1434 1952 animo
1452 1902 1565 1951 deficiens
1581 1903 1717 1953 collabitur.
1750 1905 1793 1954 tite

170 1966 215 2000 και
206 1942 413 2018 λιποθυιιησας
425 1962 523 1999 κατετ·
527 1963 566 1999 σε
617 1942 727 2005 Μόλις
729 1939 859 2013 rubro:
850 1963 900 1998 υπο
912 1965 957 2012 της
1249 2004 1258 2013 J
1313 2002 1319 2011 ‚

170 2030 258 2139 ,γόης
283 2032 407 2139 JJJJJJJJ
428 2032 472 2087 καὶ
492 2034 550 2094 ei<
568 2028 720 2135 JJJJJJJJ
739 2029 889 2132 JJJJJJGJJ
910 2053 956 2106 γε
1003 2005 1086 2051 autem
1096 2015 1174 2063 aegre,
1184 2002 1376 2051 Chtoehasiantc
1382 2002 1792 2067 manuqueeurriainpiesufovente

130 2137 156 2175 ao
169 2141 294 2195 νουενος,
317 2120 360 2176 ἐπι
380 2143 427 2189 την
443 2120 541 2188 συνιθη
558 2139 640 2196 ριγον
656 2115 731 2195 έρχετ
722 2139 775 2174 αι·
794 2141 839 2173 και
854 2141 904 2174 υτο
919 2142 956 2174 τιι

171 2208 288 2287 στελέχει
311 2208 451 2272 καθίσας
442 2208 583 2264 ε’πυνθάνετ
585 2228 598 2262 ο
619 2207 674 2269 πῶς
698 2205 798 2283 ἀπέδρα
821 2206 982 2291 τοσούτουςγ
1004 2222 1051 2270 que
1062 2220 1136 2268 super
1148 2206 1453 2268 truucopcrcunctahatur,
1463 2205 1584 2267 quomodo
1596 2208 1631 2254 tot
1642 2207 1793 2257 hoetesetiu

171 2299 319 2402 πολεμίους.
364 2293 439 2352 ‘fid
454 2296 501 2351 αὐτ
492 2319 524 2374 qr
506 2292 661 2360 κατελεξε
675 2292 777 2349 πάντα·
791 2292 835 2350 τὸν
850 2297 901 2350 τῶν
917 2297 957 2350 αἶ·
1003 2308 1085 2369 gisset.
1120 2308 1163 2356 illa
1178 2308 1265 2354 cuncta
1279 2306 1313 2355 rlh
1325 2305 1409 2354 ordine
1423 2305 1556 2366 enarravit,
1572 2305 1684 2357 videlicet
1689 2320 1794 2370 ,·cepra

170 2386 223 2461 γῶν
238 2383 337 2459 κιττὸν,
354 2380 398 2438 τδν
412 2385 463 2440 τῶν
478 2382 646 2487 προόρίτων’
631 2381 764 2459 ωρυγμὸν,
781 2380 829 2450 τήν
845 2381 960 2452 ἐπανθή·

172 2493 256 2528 σασαν
270 2495 302 2547 τη
286 2469 460 2550 κεφαλῇ
430 2492 516 2542 πιτυν,
531 2469 642 2528 τὸέν
610 2493 642 2549 τῃ
652 2473 689 2547 γῇ
700 2473 761 2547 πῦρ,
775 2491 818 2525 τον
831 2471 902 2526 ἐν
870 2492 902 2546 τη
915 2475 958 2526 θα·
980 2463 982 2537 ί

132 2576 157 2614 οι
171 2559 255 2638 λύττῃ
270 2557 380 2630 κτύπον,
394 2581 427 2614 τα
414 2556 622 2635 συρίσματα’
608 2561 755 2636 αμρότιρα,
770 2554 799 2613 τὸ
814 2558 957 2632 πολεμικὸν

172 2649 217 2702 καί
234 2645 263 2702 τὸ
278 2645 407 2724 εἰρηνικὸν
416 2690 424 2715 ,
440 2644 487 2716 τὴν
506 2645 587 2701 νύκτα
602 2644 649 2715 τήν
665 2643 792 2723 ροῦεράν·
807 2641 876 2710 ὅπως
891 2647 957 2723 αὐτῇ

1003 2108 1102 2156 tandem
1115 2107 1272 2166 reviviscens,
1285 2106 1315 2154 ad
1331 2108 1468 2154 rousrietnm
1480 2108 1518 2167 ta·D
1505 2120 1560 2154 um
1572 2107 1686 2187 perrexit,
1698 2107 1793 2157 sedens-

1005 2422 1058 2457 rum
1079 2407 1208 2467 hederam,
1222 2407 1306 2456 ovium
1320 2407 1453 2466 uiolatum,
1474 2407 1687 2457 efflorescentem
1681 2421 1705 2456 ιιι
1721 2409 1796 2470 ipsius

1004 2512 1083 2574 capite
1095 2511 1193 2573 pinum,
1204 2510 1347 2558 flamniam'
1341 2524 1366 2559 ιιι
1378 2512 1441 2558 terra
1448 2509 1611 2571 ,strepitum
1605 2522 1629 2557 in
1641 2510 1701 2558 mari
1704 2510 1796 2571 ,·gerui

1006 2624 1050 2659 uos
1059 2610 1145 2659 tistulae
1157 2609 1255 2669 modos,
1264 2609 1378 2658 betheum
1392 2621 1479 2672 nempe
1492 2613 1565 2671 atque
1579 2609 1720 2672 pacificum,
1735 2623 1795 2659 noc·

172 2734 219 2804 τὴν
247 2735 305 2792 ὁδὸν
330 2734 459 2811 ἀγνοούση
484 2733 654 2810 καθηγήσατο
678 2735 725 2802 τῆς
749 2734 808 2790 ὁδοῦ
832 2734 955 2808 μουσική.

172 2822 307 2901 Γνωρίσας
327 2814 370 2879 οῦν
385 2826 398 2878 ὁ
413 2825 511 2900 Δάρνις
524 2821 558 2878 τὰ
576 2824 628 2877 τῶν
643 2823 761 2899 Νυμρῶν
779 2823 899 2899 ὀνείρατα
914 2823 959 2879 καὶ
1006 2811 1252 2860 pontisariensis
1259 2809 1307 2858 ilie.
1341 2808 1444 2870 Agnovit
1452 2820 1508 2871 ergo
1516 2808 1622 2870 Daphnis
1629 2809 1795 2871 Nympharum

172 2909 205 2969 τάι
225 2915 270 2968 τοῦ
294 2912 380 2975 [lavor
399 2907 484 2987 ἔργα,
505 2910 632 2986 διηγεῖται
650 2910 695 2965 καὶ
715 2908 791 2973 αὐτὸς
808 2907 857 2966 ὅσα
873 2900 957 2987 εἶδεν,

131 3017 158 3056 ιιι
173 2999 221 3057 θ’σα
238 2999 365 3069 ἤκουσεν·
383 2996 423 3055 ότι
445 2997 546 3072 μέλλων
563 2996 735 3067 ἀποθνήσκειν
756 2995 803 3055 διδ,
815 2997 861 3065 τὰς
881 2998 957 3074 Νύμ-

172 3111 222 3169 ρας
244 3087 329 3158 ἔζησε.
373 3089 428 3146 Καὶ
443 3085 490 3156 τὴν
511 3085 558 3161 μὲν
571 3078 724 3160 ἀποπέμπει
742 3091 885 3161 κομιοῦσαν
899 3088 958 3152 τοῦς

173 3177 240 3258 ἀμιρί
252 3177 295 3235 τὸν
308 3175 430 3256 Δρύαντα
442 3177 487 3234 καί
497 3176 626 3251 Δάμωνα,
641 3175 686 3233 καί
699 3174 748 3233 ὅσα
762 3178 855 3255 πρέπει
868 3179 958 3234 θυσία·

1005 2714 1055 2760 tem
1069 2710 1136 2759 iiiam
1153 2709 1310 2770 horrendam,
1324 2707 1447 2772 quomodo
1464 2709 1508 2757 sibi
1521 2708 1611 2758 itineris
1628 2709 1717 2771 ignarae
1729 2711 1795 2759 viam

1005 2910 1098 2960 somnia
1114 2912 1139 2960 et
1158 2922 1231 2972 opera
1249 2909 1331 2971 Panis,
1346 2908 1505 2971 exposuitque
1521 2907 1624 2957 vicissim
1636 2911 1662 2957 et
1673 2908 1727 2968 itte,
1740 2922 1796 2971 que

1005 3014 1117 3076 vidisset,
1128 3008 1183 3076 qure
1194 3012 1338 3071 audivisset,
1348 3011 1412 3074 quod
1425 3011 1485 3061 mori
1499 3011 1580 3060 votens
1591 3012 1709 3073 Nymphis
1719 3012 1796 3062 vitam

1005 3117 1112 3168 deberet.
1127 3119 1184 3165 Post
1196 3116 1287 3166 chioeu
1300 3114 1404 3174 dimisit,
1417 3116 1446 3163 ut
1459 3115 1590 3175 Dryantem
1604 3116 1629 3162 et
1647 3102 1795 3173 hutonem,

193 3266 231 3287 „
264 3265 305 3287 „,
370 3264 376 3282 ,
447 3268 463 3279 ,,
513 3266 557 3285 ,„
605 3261 611 3281 ,
650 3263 686 3283 ,,
799 3266 822 3282 J,
874 3263 880 3285 ,
935 3238 954 3281 ·,
1006 3213 1795 3281 eaque,quihnsopusessetadsacrificiumrecteperpetrandnm,

173 3287 249 3330 αυτος
261 3286 275 3322 ο
295 3289 321 3323 εν
332 3286 417 3343 τούτῳ
428 3288 479 3322 των
493 3287 573 3342 αιγων
584 3286 630 3333 την
643 3286 752 3343 αριστην
765 3266 903 3322 συιιλαθων
914 3288 958 3321 και

173 3357 254 3434 κιττῷ
276 3352 462 3432 στερανύισας,
485 3353 573 3430 ὥσπερ
592 3349 717 3431 ῶιρθησαν
734 3363 786 3416 τοις
804 3355 957 3427 πολεμίοις,

133 3460 158 3499 ιι
173 3443 218 3499 καὶ
240 3443 309 3517 γοίλα
331 3445 382 3498 τῶν
404 3440 520 3518 κεράτων
542 3440 739 3509 κατασπείσας,
762 3440 837 3496 ἔθυσέ
855 3464 883 3496 τε
904 3449 958 3504 ταῖς

1006 3319 1149 3377 adduceretJ
1161 3318 1211 3378 ipse
1223 3317 1312 3364 interea
1322 3316 1438 3377 optimam
1448 3328 1462 3363 e
1473 3314 1551 3376 capris
1560 3314 1710 3375 correptam,
1723 3311 1797 3362 bede

1007 3433 1080 3481 raque
1087 3421 1226 3468 coronatam
1235 3454 1241 3478 ,
1249 3419 1333 3481 quales
1343 3418 1515 3467 hostibusaute
1525 3417 1582 3466 visae
1592 3417 1695 3474 iuuant,
1702 3418 1727 3466 et
1734 3417 1797 3467 tacte

174 3627 260 3689 θηκεν.

214 3705 282 3766 AN.
298 3702 369 3775 Ἤδη
387 3704 412 3761 δὲ
427 3704 561 3783 παρόντοιν
576 3707 627 3761 τῶν
643 3703 711 3783 ἀμρί
726 3701 772 3774 τήν
789 3703 891 3776 Χλόην,
907 3709 958 3783 πῦρ

174 3792 326 3860 ἀνακαύσας
341 3793 386 3849 καὶ
401 3793 433 3848 τὰ
449 3792 496 3868 μέν
511 3792 611 3872 ἑψήσας
625 3793 676 3848 τῶν
688 3795 780 3871 κρεῶν,
796 3792 829 3850 ed
841 3793 863 3849 δ’
880 3793 959 3864 ὀπτή·

135 3909 161 3945 ιιι
174 3908 232 3956 σας,
249 3883 385 3962 ἀπήρξατό
399 3905 427 3939 τε
442 3882 498 3948 ταῖς
511 3881 633 3961 Νύμφαις
644 3880 689 3938 καὶ
703 3885 823 3960 κρατῆρα
835 3880 960 3959 γλεύκους

173 3973 315 4031 ἀπέσπεισε
338 3969 468 4052 [μεστὸν]
489 3970 533 4027 καί
553 3973 582 4026 ἐκ
601 3969 731 4079 ρυλλιὶδος
747 3968 872 4034 στιῦιίδας
894 3973 957 4027 ὑπο-

173 4060 315 4139 στορέσας,
335 4081 390 4115 εντε
390 4063 406 4114 ῦ
408 4063 449 4116 θεν
408 4059 519 4116 θτέν
504 4062 587 4138 τρορῇ
598 4050 630 4129 ήν
645 4058 690 4114 καὶ
706 4061 778 4136 ποτῷ
793 4058 838 4115 καί
850 4060 958 4115 παιδια·

151 4147 249 4216 ,“καί
232 4172 289 4226 αμα
300 4147 346 4214 τὰς
357 4146 452 4252 ἀγέλας
462 4146 612 4218 ἐπεσκόπει,
629 4168 665 4221 μη
655 4146 774 4210 λύκος
763 4143 885 4219 εμπεσὼν
896 4144 959 4226 ἔργα

173 4239 271 4317 ποιήσγΙ
282 4236 425 4312 πολεμίων,
469 4225 557 4321 ῌσοιν
571 4259 640 4300 τινα
630 4233 806 4312 καιωδδις
784 4257 820 4298 εις
829 4233 962 4311 :tentip-

133 4349 160 4388 ιι
174 4352 243 4410 ρας,
259 4329 379 4385 παλαιῶν
395 4325 526 4400 ποιμένων
539 4324 659 4398 ποιήματ
649 4348 688 4384 α.
735 4323 873 4390 Νυκτοςῦ
889 4325 961 4381 ἐπελ-

174 4419 267 4491 θούσης
292 4419 370 4475 αὐτοῦ
396 4413 560 4490 κοιμηθέντες
580 4414 606 4469 ἐν
628 4416 666 4492 τῷ
685 4415 778 4491 ἀγρῷ,
803 4417 850 4483 τῆς
872 4412 959 4470 ἐπιού-

88 3538 91 3542 '
174 3530 297 3611 Νύμραις
321 3532 365 3586 καί
384 3528 519 3608 κρεμάσας
541 3527 661 3606 ἀπέδειρε
681 3527 726 3583 καὶ
748 3527 777 3583 τὸ
797 3527 879 3605 δέρμα
900 3528 957 3584 iit·
1006 3517 1796 3582 ⁵⁰Pssf⁶⁰f¹¹¹¹³s¹¹⁵02Nymphssmssfflitsssushssssffimsswfiss·

1007 3621 1054 3678 vit,
1067 3619 1202 3681 pellemque
1215 3617 1312 3667 dicavit.

1038 3718 1123 3765 xxxi.
1137 3717 1193 3764 Jam
1206 3717 1323 3778 prasente
1338 3714 1413 3764 Chlori
1425 3717 1499 3775 atque
1511 3712 1562 3773 ejus
1573 3711 1700 3773 comitatu,
1713 3713 1796 3761 tocuur

1006 3808 1114 3859 accendit
1129 3810 1251 3873 Daphnis,
1263 3812 1288 3858 et
1302 3814 1368 3871 parte
1380 3807 1488 3856 carnium
1506 3807 1610 3863 elixata,
1623 3808 1691 3868 parta
1702 3809 1795 3867 ιοιειι,

1008 3905 1124 3967 Nymphis
1131 3904 1219 3954 obtulit
1229 3903 1353 3965 primitias,
1362 3904 1386 3952 et
1393 3903 1500 3964 pateram
1509 3898 1794 3962 inustopieuamlibavit.

1007 4003 1063 4050 Nox
1075 4000 1134 4048 toris
1147 4012 1161 4047 e
1173 3997 1257 4047 troade
1269 3998 1314 4045 sibi
1325 3997 1464 4056 substratis,
1474 3996 1560 4045 deinde
1571 3997 1637 4044 totus
1647 3995 1673 4043 in
1685 3993 1757 4056 cibo,
1771 3995 1795 4045 in

1007 4098 1078 4159 potu,
1089 4095 1113 4144 iu
1128 4095 1258 4154 insuerat,
1271 4094 1390 4156 simulque
1399 4105 1481 4154 greges
1499 4091 1623 4150 servabat,
1634 4103 1665 4139 ne
1679 4090 1752 4151 iupus
1762 4090 1795 4138 ir·

1007 4203 1079 4239 ruens
1089 4188 1183 4237 hostilia
1194 4190 1350 4250 perpetraret,
1383 4185 1505 4248 Quasdam
1521 4196 1619 4246 quoque
1631 4183 1795 4233 cantilenasin

1007 4284 1172 4348 Nympharum
1185 4283 1301 4331 honorem
1318 4282 1468 4339 cecinerunt,
1481 4282 1590 4328 vetorum
1606 4281 1730 4340 pastorum
1742 4290 1795 4327 car·

1007 4379 1080 4428 mina.
1114 4381 1245 4439 Postquam
1265 4389 1314 4425 uox
1333 4374 1444 4435 advenit,
1462 4373 1549 4422 ibidem
1563 4373 1587 4420 in
1599 4385 1656 4434 agro
1668 4375 1795 4434 pernocta·

1007 4478 1077 4535 runt,
1088 4473 1158 4522 etdie
1168 4474 1277 4534 sequenti
1289 4470 1358 4520 Panis
1367 4468 1529 4517 meminerunt
1541 4487 1546 4516 :
1560 4470 1584 4516 et
1593 4480 1621 4515 ev
1635 4465 1794 4528 hircistpsunv

175 4530 221 4578 σης
242 4512 288 4566 τοῦ
312 4503 398 4571 Πανὸς
418 4502 632 4579 ἐμνημόνευσαν
655 4523 699 4558 και
721 4503 771 4556 τῶν
793 4500 929 4577 τράγων
917 4500 959 4557 τὸν

175 4597 273 4675 ἀγελοίρ
260 4620 325 4703 Jer
342 4592 554 4676 στερανόισαντες
568 4589 666 4660 πίτυος,
684 4589 851 4667 προσήγαγον
866 4593 899 4666 τῇ
916 4589 958 4645 πί·

174 4693 225 4740 τυῖ·
240 4707 284 4741 και
275 4679 533 4747 incontinentes*
508 4701 576 4738 οινου
589 4701 634 4735 και
644 4680 845 4785 εάρημοῦντες
832 4699 876 4736 τον
889 4675 958 4753 θεὸν,

136 4782 163 4821 ιθ
175 4769 305 4844 έθυσοιν,’
294 4796 351 4850 εκρε
340 4774 453 4847 έμασοιν,
468 4768 622 4846 ἀπέδειραν·
640 4789 684 4823 και
696 4767 728 4821 τδι
742 4765 788 4841 μέν
803 4767 866 4845 κρέα
881 4766 961 4836 ὀπτή-

148 4931 152 4938 .
176 4881 266 4924 σαντες
280 4866 325 4915 καὶ
338 4859 494 4937 ἑψήσαντες,
513 4856 625 4927 πλησίον
638 4855 732 4927 ἔθηκαν
748 4856 774 4912 έν
789 4858 827 4934 τῷ
840 4856 957 4930 λειμῶνι,

175 4950 202 5005 ἐν
216 4954 267 5012 τοῖς
279 4947 396 5019 φύλλοις·
406 4948 435 5004 τὸ
447 4948 473 5005 δὲ
485 4947 568 5025 δέρμα
576 4948 661 5011 αὐτοῖς
670 4944 776 5023 κέρασιν
787 4941 914 5013 ε’νέπηξαν
927 4946 958 5021 τῇ

1006 4567 1082 4629 gregis
1093 4566 1193 4623 ducem,
1207 4566 1276 4627 pinea
1286 4563 1423 4612 redimitum
1435 4574 1538 4618 corona,
1551 4558 1674 4620 adpinum
1689 4557 1794 4620 adduae·

1008 4663 1076 4720 runt,
1092 4660 1213 4721 libatoque
1229 4657 1330 4719 desuper
1352 4657 1422 4717 vino,
1442 4655 1505 4704 hona
1524 4653 1596 4702 rerha
1614 4652 1659 4701 deo
1673 4651 1794 4711 direntes,

1008 4757 1157 4814 mactarunt,
1170 4750 1353 4814 suspenderunt,
1368 4750 1453 4812 pellem
1466 4748 1616 4809 diripuerunt
1625 4764 1632 4806 ;
1642 4757 1727 4794 carnes
1737 4757 1795 4793 veru

1006 4853 1056 4898 tam
1071 4849 1172 4906 asans,
1189 4858 1262 4908 quam
1279 4845 1393 4902 elixatus,
1411 4842 1534 4891 troadibus
1548 4841 1671 4901 impositas
1686 4839 1708 4887 iu
1725 4839 1793 4900 prato

1006 4941 1176 5003 apposuerunt.
1210 4937 1299 4988 Pehcm
1310 4951 1357 4987 una
1372 4951 1428 4986 cum
1443 4934 1555 4983 roruihns
1568 4930 1633 4995 pinni
1640 4932 1712 4994 juxta
1724 4930 1794 4981 Panis

175 5033 247 5092 πίτυϊ
265 5033 328 5113 πρὸς
341 5036 378 5112 τῷ
396 5036 539 5111 ἀγάλματι,
556 5033 706 5111 ποιμενικὸν
723 5032 846 5108 ἀνάθημα
865 5053 957 5108 ποιμε-

175 5127 239 5204 νικῷ
250 5125 309 5202 θεῷ.
323 5120 487 5200 Ἀπήρξαντο
500 5123 544 5181 καὶ
559 5128 609 5181 τῶν
623 5126 716 5202 κρεῶν,
734 5120 898 5179 ἀπέσπεισαν
913 5120 958 5178 καὶ

1006 5037 1111 5082 statuam
1120 5033 1263 5093 affixerunt,
1274 5031 1392 5094 pastorale
1401 5030 1490 5078 tionum
1502 5024 1613 5091 pastorali
1621 5024 1673 5073 deo.
1707 5023 1793 5072 Primi-

1006 5127 1051 5175 tias
1062 5138 1159 5189 quoque
1171 5125 1280 5173 earnium
1291 5123 1443 5183 ohtnterunt,
1455 5125 1477 5170 et
1490 5123 1581 5169 cratere
1595 5115 1719 5180 capaciore
1733 5115 1796 5164 tiha-
