3726 5692
827 370 941 431 LIBER
963 371 1002 429 X.
1676 382 1730 432 393

76 505 207 579 θμιλίας
230 500 387 581 ίλεγχθείη,
411 498 529 577 καθαρδν
554 489 620 557 εἶναι
647 497 694 569 τὴν
719 503 893 579 προσκομιζο-
943 508 1015 557 luerit
1037 526 1044 557 ε
1065 520 1122 556 com
1143 507 1180 556 lex
1203 507 1318 556 mundam
1340 520 1392 587 esse
1408 520 1475 567 eam,
1490 521 1546 570 quae
1560 508 1661 556 ollertur
1681 508 1733 557 clete

80 590 184 667 δίνην
198 594 233 663 τῇ
252 592 321 671 Mdv
337 587 457 665 sciam?
473 578 518 645 ⁰3*
531 587 576 645 καί
589 587 633 644 τὸν
649 585 733 666 Ἡλίῳ
754 591 799 644 τοῦ
814 585 895 663 νόθου
942 616 1014 666 sicuti
1029 618 1054 667 et
1073 616 1123 666 soli
1138 614 1238 677 jubeat,
1253 616 1284 668 de
1296 618 1384 667 Bacchi
1403 630 1460 667 rero
1475 617 1599 667 sacrificiis
1618 617 1649 665 sit
1664 616 1734 666 indil-

84 678 272 753 κελιύοντος,
289 675 335 736 ἐπί
348 674 375 734 δί
397 680 444 748 τῆς
464 680 510 734 τοῦ
530 675 655 735 Διονύσου
679 673 768 741 θυσίας
788 675 895 754 elespo-

88 770 220 844 ροῦντος.
266 767 337 827 Ἀλλ’
354 764 417 847 ὅρα,
435 767 458 825 εἰ
470 763 692 846 προσομιλήσασά
707 787 744 844 τῳ
763 764 895 845 φωραθείη

64 854 171 931 ατρὸς
184 862 228 929 τῆς
244 854 376 936 ἐσχάρας,
389 854 427 931 μὴ
449 856 496 913 οθκ
508 853 634 933 εθπρεπίς
653 844 672 931 ᾖ
686 850 733 922 τὴν
748 851 849 911 τοιάνδε
856 854 896 921 τίς

85 941 138 999 τὸν
175 935 239 1005 οίκον
262 943 438 1011 εἰσδέξασθαι.
483 942 537 1003 Καὶ
552 947 569 1013 ί,
586 941 716 1021 Περσίνα,
732 942 894 1022 Φωραθείη,
942 948 1006 995 Τυαι
1019 946 1505 1008 Persius:Deprehendaturetservetur
1518 948 1623 997 tantum.
1656 949 1733 1010 capti·

85 1028 174 1109 ἔφη»
195 1033 238 1092 '‘²'‘
260 1031 357 1102 σωθείη
380 1028 468 1107 μόνον·
513 1028 694 1110 Ᾱίλμαλωίία
716 1027 762 1088 καί
782 1030 897 1108 πόλεμοί
942 1057 1036 1105 vitaset
1046 1056 1136 1106 bellurn
1146 1058 1171 1106 et
1182 1056 1284 1106 extorris
1295 1056 1474 1107 vitaasedibus
1485 1059 1568 1120 patriis
1578 1060 1628 1109 tana
1639 1062 1733 1109 remota

79 1117 141 1175 καὶ
176 1125 292 1187 τοσοῦτος
316 1122 363 1189 τῆς
389 1115 545 1193 ἐνεγκούσης
568 1116 713 1194 ίίοικιομθς
736 1115 895 1196 ἀνέγκλητον

75 1207 239 1279 ποιεῖτὴν
262 1204 431 1286 προαίρεσιν·
453 1203 498 1261 καί
519 1203 598 1262 πλέον
621 1203 664 1262 ε’πλ
685 1203 797 1278 ταύτης,
812 1206 838 1263 ἐν
857 1207 896 1284 τῷ
1132 1271 1137 1282 Ι
1447 1272 1453 1283 .
1508 1272 1514 1282 ³
1572 1274 1577 1283 υ
1630 1273 1635 1283 Ι
1727 1273 1732 1284 Ι

30 1308 58 1348 ‚0
71 1292 197 1356 ,ἄλλα
210 1296 258 1367 τχ,
269 1293 328 1354 ,αρ’
339 1296 421 1365 ,ὁτῆς
437 1291 513 1372 ργαχ
525 1294 547 1351 ,γ
558 1292 638 1352 ,χρτι
649 1298 765 1354 ,χοῦτω
777 1293 895 1372 ὑπέστη,
942 1283 999 1319 cum
1016 1272 1094 1320 torma
1114 1284 1163 1320 nen
1182 1272 1266 1320 contra
1284 1284 1310 1320 ae
1330 1270 1398 1334 ipsa,
1422 1274 1514 1321 etiarnsi
1535 1273 1594 1335 quid
1615 1273 1733 1334 ejusmodi

66 1386 292 1466 ,392me
942 1388 1010 1440 passa
1021 1376 1065 1436 sit,
1081 1375 1245 1426 circumierat.

127 1478 190 1539 Η.
208 1474 264 1536 Καί
276 1473 315 1532 ἔτι
329 1477 438 1532 τοιαῦτα
451 1469 580 1545 λεγούσης
594 1468 639 1528 καί
652 1470 708 1549 ίμα
720 1471 896 1550 θποδακρυού-
973 1483 1039 1530 vill.
1058 1482 1116 1529 ilaec
1132 1479 1212 1529 adhuc
1226 1479 1321 1530 dicente
1342 1483 1367 1529 et
1388 1480 1460 1530 dmnl
1481 1480 1654 1544 illacrimante,
1671 1484 1734 1533 cela,

62 1582 142 1633 σης
153 1561 321 1642 ,λανθάνειν
335 1583 364 1618 τε
378 1559 438 1627 τοῦς
452 1560 586 1640 παρόντας
597 1558 774 1638 πειρωμένης,
788 1560 896 1638 ἄγεσθαι
945 1582 1020 1630 reque
1031 1568 1055 1617 id
1068 1581 1109 1618 eos
1122 1568 1163 1631 qui
1174 1568 1275 1618 aderaut
1288 1569 1405 1628 conante,
1419 1569 1500 1619 ailcrri
1518 1572 1597 1620 iocum
1611 1570 1734 1635 Hydaspes

58 1649 140 1721 τὴν
171 1650 289 1730 ίσγάραν
305 1654 320 1708 θ
334 1646 474 1719 Ὑδάσπης
487 1647 617 1706 ἐκέλευσε.
662 1646 798 1726 Παιδάρια
812 1646 896 1706 τοίνυν
940 1657 1019 1719 jussit.
1053 1655 1167 1706 Collectis
1177 1656 1249 1720 igitur
1261 1657 1340 1719 pneris
1351 1657 1517 1720 impuberibus
1536 1672 1566 1708 ex
1579 1660 1734 1711 multitudine

10 1752 38 1790 ΙΙ
56 1736 192 1811 ἅνηὸα
207 1720 384 1803 συλλαύόντες
399 1738 429 1793 ἐκ
443 1741 489 1794 τοῦ
503 1734 619 1803 πλήθους
635 1736 659 1792 οἱ
678 1734 818 1814 ὑπηρέται,
834 1734 896 1809 (pri-
943 1745 1044 1795 ministri
1059 1745 1199 1807 (solisenim
1208 1745 1324 1808 ejusmodi
1336 1746 1388 1795 sine
1400 1745 1449 1794 ullo
1459 1746 1604 1796 detrimento
1614 1749 1734 1810 attingere

52 1848 139 1893 νοις
177 1826 228 1907 γὰρ
250 1826 305 1892 τοῖς
327 1823 453 1890 τοιούτοις
476 1821 602 1888 celadus
626 1823 757 1902 θιγγάνειν
779 1822 895 1900 ἔνεστιν)
943 1834 1011 1895 licet)
1024 1830 1156 1884 efferebant
1172 1848 1185 1883 ε
1203 1834 1295 1897 tempto
1313 1835 1338 1883 et
1356 1834 1380 1882 in
1393 1836 1474 1884 medio
1493 1836 1658 1895 collocarunt,
1677 1851 1732 1886 con·

52 1912 225 1987 ἔκόμιζάν
238 1916 264 1971 τ’
288 1914 319 1970 ίκ
338 1914 385 1969 τοῦ
399 1909 449 1968 νεὼ
463 1909 509 1967 καὶ
530 1910 567 1976 είς
591 1907 686 1985 μέσους
708 1864 919 1988 προῦτίθεσαν,ί
943 1922 1055 1972 scandere
1065 1922 1198 1985 quemlibet
1209 1922 1333 1985 captivum
1342 1921 1462 1985 jubentes
1495 1925 1616 1986 Atqueex
1629 1925 1732 1987 trisqui-

49 2000 247 2060 ἐπιὸαίνειν
259 2000 372 2061 έκαστον
383 2003 435 2057 τῶν
447 1995 626 2076 αἰχμαλώτων
636 1998 794 2065 κελεύοντες.
836 2000 896 2057 Τῶν
943 2024 1039 2073 cunque
1049 2011 1237 2061 conscenderant
1252 2012 1336 2061 statim
1349 2010 1374 2059 in
1390 2012 1472 2073 planta
1486 2011 1660 2073 educebantur,
1676 2027 1732 2062 cum

50 2087 97 2146 δὲ
109 2134 124 2161 ,
166 2090 242 2159 ὅστις
262 2088 391 2167 ἐπιύαίη,
412 2088 565 2170 παραυτίκα
585 2086 633 2159 τὴν
658 2086 734 2165 βάσιν
758 2085 896 2167 ἐφλέγετο,
942 2112 973 2148 ne
991 2098 1095 2161 primuni
1117 2099 1216 2162 quidem
1240 2101 1265 2149 et
1283 2099 1314 2148 ad
1329 2101 1444 2162 exiguum
1464 2103 1571 2162 tempus,
1594 2103 1732 2151 eonmctum

10 2196 37 2234 ια
51 2176 153 2237 οὗδλ
180 2179 228 2253 τὴν
250 2179 359 2260 πρώτην
374 2177 421 2237 καί
441 2177 506 2255 πρὸς
528 2176 614 2254 ὀλίγον
635 2177 731 2256 ψαῦσιν
746 2175 818 2233 ἐνίων
837 2177 897 2232 buo·
943 2186 1041 2249 quidam
1056 2187 1244 2237 sustinuissent:
1262 2188 1341 2237 aureis
1358 2188 1456 2249 qrridem
1474 2189 1581 2238 verubus
1593 2190 1646 2238 loeo
1658 2190 1733 2240 inter·

53 2266 241 2345 στάντων,
255 2276 363 2348 χρυσοῖς
379 2265 428 2343 μέν
442 2264 588 2331 ὀύελίσκοις
608 2269 655 2335 τῆς
673 2261 788 2344 ἐσχάρας
804 2264 896 2320 θιαπε·
944 2278 1025 2335 texto,
1047 2288 1119 2337 porro
1140 2274 1170 2324 ad
1184 2289 1238 2324 eam
1258 2275 1391 2325 efficaciam
1407 2275 1544 2337 elaborato,
1559 2278 1587 2325 ut
1601 2278 1734 2339 quemlibet

52 2352 270 2435 πλεγμίνης,
292 2356 358 2435 πρὸς
382 2358 461 2413 τοῦτο
490 2355 512 2411 δ’
537 2352 666 2432 ἐνεργείας
695 2350 896 2427 τετελεσμίνης,
943 2363 1097 2412 immundum
1119 2365 1144 2413 et
1162 2363 1251 2426 alloqui
1270 2377 1326 2413 eum
1348 2364 1388 2426 qui
1413 2364 1541 2426 pejerasset
1558 2366 1685 2426 adureret;
1709 2371 1735 2417 at

54 2436 176 2503 ὥστε
197 2445 286 2505 πάντα
301 2444 345 2503 τὸν
366 2443 404 2520 μὴ
419 2441 533 2521 καθαρὸν
552 2442 598 2500 καί
612 2441 699 2507 άλλως
717 2443 896 2520 ἐπιορκοῦντα,
944 2455 1027 2501 eontra
1048 2464 1133 2501 eorum
1155 2451 1196 2514 qni
1213 2465 1282 2501 secus
1295 2454 1392 2501 aetatem
1405 2453 1521 2515 egissent,
1534 2454 1585 2503 sine
1601 2454 1734 2505 utlodetri·

59 2534 255 2595 zaratum·
277 2536 330 2591 τῶν
351 2532 378 2590 δὲ
399 2530 540 2609 ἀναιτίων,
556 2532 662 2597 ἀλύπως
682 2530 835 2611 προσίεσθαι
849 2527 897 2599 τήν
944 2543 1026 2590 mento
1044 2554 1152 2603 gressum
1176 2540 1323 2590 admitteret.
1357 2540 1522 2601 Quamobrem
1538 2542 1582 2591 hos
1598 2544 1693 2593 Baccho
1709 2546 1733 2593 et

11 2638 43 2675 ὓ
58 2608 195 2685 βάσιν.
239 2618 357 2686 Τούτους
373 2618 469 2696 μὲνδὴ
505 2621 543 2698 τῷ
556 2641 586 2677 τε
599 2616 719 2697 Διονύσῳ
742 2618 786 2676 καί
809 2618 897 2681 ἄλλοις
943 2630 996 2679 aliis
1006 2629 1052 2678 diis
1065 2628 1232 2690 destinabant,
1251 2631 1338 2691 praeter
1355 2629 1416 2679 duas
1428 2630 1489 2679 lorte
1503 2634 1545 2680 aut
1558 2634 1607 2680 tres
1617 2632 1732 2693 virgines,

58 2700 167 2775 θεοῖς
182 2708 372 2788 δπεκλιίρουν,
391 2706 461 2779 πλὴν
477 2707 522 2765 δύο
542 2730 592 2765 που
606 2706 652 2764 καί
665 2709 744 2786 τριῶν
757 2706 896 2781 νεανίδων,
943 2731 999 2780 ηοω
1013 2731 1069 2767 eum
1082 2718 1163 2767 locum
1180 2717 1377 2767 conscendissent
1391 2718 1527 2780 virginitate
1543 2720 1609 2768 salva
1625 2733 1675 2769 esse
1691 2720 1733 2770 de·

60 2784 114 2857 ‘3²
132 2798 192 2869 τῆς
202 2795 320 2876 έοχάρας
333 2795 462 2856 ίπιύῦσαι
476 2794 641 2873 παρθενεύειν
654 2794 856 2872 ίγνωρίσθησαν.
944 2807 1067 2869 prehensae
1083 2808 1148 2855 sunt.

64 2914 67 2919 ·
134 2882 190 2947 Θί.
212 2885 293 2946 Ἐπεί
306 2884 334 2943 dd
345 2883 391 2943 καί
404 2882 538 2959 Θεαγένης
551 2879 643 2947 ἕπῑόἆς
656 2881 808 2958 καθαρείων
824 2880 897 2960 3?ss·
976 2898 1017 2943 lx.
1036 2897 1166 2956 Postquam
1187 2895 1268 2942 autem
1292 2896 1317 2942 et
1331 2894 1469 2956 Theogenes
1485 2908 1540 2943 crim
1557 2896 1734 2945 conscendisset

65 2980 177 3045 uto,
200 2973 363 3051 despertiri<
382 2973 447 3053 πρὸς
461 2970 597 3043 ἁπάντων,
612 2970 645 3028 τά
658 2973 682 3028 τ’
699 2969 767 3028 ἄλλα
788 2974 833 3029 τοῦ
848 2993 897 3045 με·
944 2982 1050 3032 mundus
1073 2995 1125 3030 esse
1145 2982 1271 3043 apparuit,
1293 2981 1403 3030 omnium
1424 2982 1584 3032 admiratione
1605 2986 1733 3045 exceptus,

30 3052 198 3131 ’'Yfflws
219 3063 267 3123 καὶ
288 3061 400 3129 κάλλους
414 3060 460 3119 καί
475 3058 515 3118 ίτῑ
529 3083 578 3140 περ
593 3057 674 3124 οὕτως
693 3060 805 3133 ἀκμαῖος
820 3057 897 3137 ἀνὴρ,
945 3085 1002 3120 cnm
1012 3072 1110 3135 propter
1118 3070 1287 3132 proceritatem
1297 3072 1323 3119 et
1334 3070 1553 3132 pulchritudinem,
1567 3073 1618 3121 tum
1630 3085 1658 3119 eo
1667 3072 1733 3133 quod

73 3138 250 3230 iunipero<
279 3151 322 3223 είη
347 3154 400 3209 τῶν
428 3148 597 3229 Ἀφροδίτης,
626 3147 689 3226 πρὸς
714 3146 760 3217 τὴν
783 3146 898 3217 ἡλιακὴν
944 3161 980 3208 vir
997 3159 1058 3210 adeo
1075 3160 1170 3209 tierenti
1191 3162 1263 3209 aetstc
1281 3171 1361 3208 rernm
1380 3171 1537 3208 venerearum
1554 3172 1639 3220 expers
1659 3162 1733 3219 esset,

74 3224 255 3321 ἱιρουργίσιν
269 3235 558 3318 ηύτριπίζετο,ίίαλίι,
575 3235 658 3312 λέγων
673 3232 760 3314 ἠρίμα
775 3233 897 3312 spissis
943 3248 974 3298 ad
997 3249 1059 3297 solis
1079 3248 1224 3297 sacrificium
1246 3247 1418 3296 instruebatur.
1453 3250 1485 3297 at
1505 3248 1546 3297 ille
1566 3247 1684 3297 subrisisse
1704 3249 1733 3297 ad

78 3312 288 3406 Χιιῑλίειλειαν,
311 3326 453 3406 τᾶπίχεῑρα
481 3324 544 3403 παρ’
568 3322 675 3403 Αἷθίθψῑ
700 3325 751 3380 τῶν
778 3324 897 3403 καθαρῶς
944 3337 1117 3387 clraricleam:
1139 3337 1243 3388 Pulchra
1256 3335 1320 3398 apud
1334 3335 1462 3398 Aithiopes
1477 3335 1577 3397 praemla
1594 3336 1684 3385 munde
1698 3338 1734 3385 ri·

81 3402 250 3491 βῑθίντων,
264 3416 352 3478 θυσίαι
372 3414 417 3475 καὶ
439 3412 539 3493 σφαγαί
560 3412 594 3473 cdi
608 3410 710 3473 ἔπαθλα
723 3414 775 3472 τῦιν
794 3436 897 3492 σωφρο-
944 3424 1067 3486 ιεαίὶυιυ,
1085 3424 1201 3473 sacrificia
1220 3427 1245 3473 et
1261 3423 1420 3473 mactationes
1437 3436 1522 3473 eorum
1541 3425 1583 3486 qni
1598 3425 1734 3474 castitatem

53 3496 232 3567 *νῦὖντωκ
244 3502 333 3583 Ἀλλ’,
356 3495 506 3586 ὦφιλτάτη
515 3546 524 3577 ,
539 3500 565 3561 τί
587 3501 646 3582 ούχί
667 3501 769 3583 φράζεις
784 3503 897 3576 σαυτήν,
943 3516 1040 3563 serrant
1059 3512 1157 3563 brabia!
1180 3512 1240 3573 Sed,
1261 3526 1276 3561 o
1295 3526 1350 3561 mea
1368 3510 1507 3572 Charicles,
1526 3525 1570 3561 cur
1584 3526 1632 3561 non
1648 3516 1671 3561 te
1684 3512 1735 3572 jam

83 3584 179 3649 '‘⁰3w
193 3598 331 3671 impeiri<
342 3592 381 3651 ίτι
392 3589 500 3670 καιρὸν,
515 3590 533 3662 ἢ
549 3590 609 3662 τὸν,
624 3589 672 3656 ἕως
685 3589 715 3647 ἂν
728 3590 896 3667 ἀποδειροτο-
944 3603 1038 3665 aperis?
1048 3602 1125 3659 Quale
1137 3604 1233 3664 tempus
1240 3600 1321 3650 adbuc
1328 3601 1493 3663 exspectabis?
1503 3606 1539 3649 An
1549 3600 1607 3649 iilud
1618 3600 1734 3659 demum,

85 3668 181 3757 μῆΰῖι
197 3682 339 3759 sindili,
351 3679 460 3738 ἱκετεύω
477 3680 522 3738 καὶ
535 3678 617 3754 &blut
628 3677 676 3750 τὴν
691 3681 787 3747 σαυτῆς
799 3675 896 3755 τύχην,
943 3705 998 3740 ourn
1011 3691 1097 3752 aliquis
1105 3690 1216 3752 jugulum
1229 3689 1313 3739 ierieti
1327 3689 1387 3750 llic,
1398 3688 1513 3750 obsecro,
1529 3691 1554 3739 et
1570 3688 1649 3737 iudica
1665 3691 1734 3738 tuam

85 3746 168 3831 “Ut
189 3767 574 3849 μίυκάμέπερισιίιοεις,ίίτις
588 3765 713 3837 ποτέίης
727 3769 896 3844 Υνωρῑσθῑῖσα
944 3780 1076 3828 rouunam.
1109 3780 1219 3828 Forsitan
1238 3780 1328 3840 etme,
1344 3791 1399 3839 quae
1415 3778 1449 3827 sis
1465 3777 1574 3839 cognita,
1591 3776 1735 3828 seruabiset

86 3844 149 3903 *αλ
171 3856 348 3928 ίξαιτήσασα.
392 3860 425 3917 ut
441 3858 464 3914 δ’
488 3855 540 3934 άρα
565 3854 602 3931 μὴ
626 3860 715 3926 τοῦτο,
739 3852 770 3911 σύ
793 3876 823 3930 γε
846 3852 897 3928 μὴν
944 3866 1110 3929 deprecaberis
1123 3886 1129 3916 ι
1142 3866 1326 3928 sinminus,et
1340 3869 1366 3915 tu
1387 3866 1472 3928 utique
1486 3864 1561 3915 dubio
1575 3867 1659 3928 procul
1672 3869 1735 3930 peri·

942 726 1028 776 terens.
1060 728 1173 777 ceterum
1185 727 1254 787 side,
1266 728 1287 776 si
1299 728 1472 778 commercium
1484 727 1595 778 habuisse
1610 740 1666 776 curn
1676 726 1734 775 uiris

942 834 1088 897 deprehensa
1103 837 1188 896 merit,
1202 848 1234 886 no
1248 836 1313 887 haud
1329 838 1414 888 deceat
1426 839 1498 888 talem
1508 838 1533 886 in
1544 837 1609 887 codes
1618 838 1732 900 recipere.

942 1177 1046 1215 vacuum
1065 1178 1079 1213 a
1093 1166 1165 1228 culpa
1177 1165 1235 1215 lacit
1248 1166 1396 1228 propositum
1411 1184 1418 1215 ε
1435 1166 1554 1229 praecipue
1566 1169 1590 1217 in
1604 1168 1662 1228 hac,
1677 1183 1733 1232 qum

61 3934 245 4016 “Residina
256 3948 387 4025 διαδράση
400 3945 444 4003 τὸν
459 3945 588 4003 κίνδυνον.
632 3940 767 4021 Δθταρκες
782 3939 899 4000 δέτοῦτύ
945 3954 1027 4003 ουΙυιτι
1046 3954 1158 4016 eiiugies;
1173 3968 1222 4017 quo
1235 3955 1346 4016 cognito,
1364 3955 1403 4003 vet
1420 3953 1481 4003 mori
1497 3953 1555 4001 milii
1568 3953 1675 4016 optabile
1691 3957 1734 4004 est.
1840 4004 1848 4019 ‚

88 4032 149 4077 ⁹⁴⁰⁸
175 4033 288 4103 μσθύντι
307 4032 352 4092 καί
372 4034 505 4092 τελευτᾶν.
549 4030 584 4093 Ἡ
602 4028 646 4103 δέ,
671 4029 789 4103 Πλησίον
812 4026 897 4105 ἁγὼν,
944 4044 986 4092 llla
1000 4044 1096 4103 autem,
1113 4046 1191 4106 Prope
1211 4042 1279 4092 adest
1297 4044 1433 4103 certamen,
1456 4056 1511 4091 cum
1529 4043 1628 4092 elisisset
1645 4046 1669 4094 et
1683 4057 1735 4094 sors

88 4098 219 4181 εὶπλίλίσοι
239 4122 286 4181 καὶ
300 4127 346 4182 νῦν
359 4121 513 4180 ταλαντεύει
535 4118 570 4178 cdi
593 4119 651 4178 καθ’
671 4124 741 4195 ἡμᾶς
760 4122 778 4190 ἠ
800 4126 897 4196 μοῖρα,
945 4130 1065 4179 rationum
1081 4132 1219 4179 nostrarum
1240 4143 1305 4180 nunc
1325 4130 1423 4179 vacillat
1444 4144 1450 4178 :
1472 4144 1503 4180 nc
1517 4128 1618 4193 imperio
1636 4131 1734 4194 atridem

89 4196 175 4263 μηδλ
189 4212 315 4271 κελεῦσαι
328 4208 386 4276 τοῦς
401 4208 618 4285 ἐπιτεταγμένους
632 4208 813 4286 οίναμείνασα,
827 4206 899 4265 ἐνέδυ
944 4231 1042 4279 εοιυιτι,
1057 4218 1146 4281 quibus
1159 4223 1210 4269 erat
1224 4218 1247 4268 id
1264 4218 1353 4280 negotii
1366 4218 1466 4280 datum,
1488 4220 1641 4281 exspectato,
1656 4219 1735 4268 induit

11 4358 13 4363 ,
90 4290 125 4333 ³²
154 4292 203 4357 τίν
231 4302 262 4358 ἐκ
286 4299 395 4378 Δελφῶν
418 4297 486 4377 ἱερὸν
509 4300 611 4378 χιτῶνα
637 4299 667 4355 ἐκ
689 4296 810 4376 πηριδίου
832 4294 900 4361 τινὸς
944 4319 1037 4357 sacrem
1059 4309 1149 4357 vestem
1171 4306 1326 4370 Delphicam,
1348 4320 1379 4356 ex
1394 4306 1500 4371 quadarn
1517 4306 1637 4359 sarcinula
1660 4319 1733 4369 quam

10 4420 14 4440 ρ
65 4354 104 4414 εί
120 4368 277 4467 {aspipite
286 4388 485 4469 προκομίσασα,
497 4390 635 4467 χρυσοϋφῆ
645 4388 670 4442 τ’
683 4385 744 4444 ὄντα
754 4385 800 4443 καί
812 4387 899 4443 ἀκτῖσι
944 4409 1025 4446 seorim
1038 4395 1128 4446 terebat
1140 4396 1308 4458 depromtam,
1327 4395 1446 4447 intextam
1458 4410 1519 4445 auro
1536 4399 1561 4446 et
1575 4396 1647 4445 radiis
1661 4407 1734 4443 cocco

14 4512 19 4521 ι
89 4468 289 4559 ‘offidarim
307 4477 492 4536 κατάπαστον·
513 4475 561 4546 τήν
580 4498 607 4532 τε
627 4473 712 4550 κόμην
722 4478 833 4545 οἰνεῑσα,
854 4471 900 4531 καλ
944 4484 1027 4534 tinctis
1043 4485 1171 4534 variatam.
1206 4485 1316 4547 Denique
1335 4498 1392 4534 cum
1408 4499 1502 4534 comam
1515 4485 1625 4533 solvisset
1638 4486 1663 4531 et
1679 4488 1733 4531 tan·

13 4584 19 4613 ³
89 4525 161 4605 ὧν
174 4566 291 4645 κάτοχος
305 4568 417 4647 φανεῖσα
432 4562 601 4644 προσέδραμέ
621 4586 664 4635 τε,
677 4561 723 4620 καί
739 4562 854 4644 ἐφίλατο
866 4585 898 4641 τη
945 4586 1019 4635 quarn
1031 4574 1111 4624 lurore
1120 4573 1201 4623 allata
1210 4574 1261 4623 visa
1272 4573 1494 4635 esset,accurritet
1504 4572 1595 4621 insiluit
1605 4570 1733 4632 inlocum,

11 4664 19 4699 ί
99 4642 211 4736 ῗζᾶρφ
233 4653 281 4713 καί
307 4652 424 4725 είστιίκει
448 4649 531 4711 πολθν
555 4652 647 4731 χρόνον
674 4650 790 4722 ἀπαθὴς,
811 4654 848 4729 τῷ
871 4673 898 4708 τε
945 4662 1060 4724 stetitque
1078 4662 1148 4723 longo
1162 4664 1273 4723 ternpore
1294 4661 1382 4723 illaesa,
1402 4660 1579 4724 pulchritudine
1590 4658 1665 4720 magis
1680 4660 1733 4708 tum

11 4752 18 4787 λ
87 4722 201 4799 ‘mcc
222 4742 283 4802 τθτι
303 4741 384 4801 πλέον
399 4741 561 4819 ἐκλάμποντι
581 4738 834 4821 καταστράπτουσα,
848 4762 898 4799 πε-
945 4753 1019 4800 etlam
1034 4751 1156 4802 relucente
1172 4750 1306 4812 refulgens,
1320 4754 1346 4800 et
1359 4751 1469 4800 omnium
1487 4749 1564 4798 oculis
1579 4762 1608 4797 ex
1622 4747 1672 4799 alto
1689 4761 1733 4798 ex·

10 4846 18 4875 »-
61 4802 213 4898 ωίίι’Ἢλος
233 4832 275 4911 ἐφ’
298 4833 399 4911 ὑψηλοῦ
418 4839 486 4889 πᾶσι
510 4828 687 4909 γεγενημένη,
708 4827 754 4886 καί
768 4828 832 4908 πρὸς
853 4833 899 4887 τοῦ
946 4840 1036 4901 posita,
1052 4841 1126 4901 atque
1144 4853 1159 4889 a
1180 4837 1256 4901 figura
1274 4840 1344 4889 stolae
1362 4839 1481 4888 simalacri
1496 4837 1548 4887 dere
1567 4837 1643 4900 magis
1660 4849 1734 4901 qnam

10 4936 13 4955 ²
85 4900 249 4987 ‘L’iumoe
263 4923 310 4990 τῆς
324 4919 419 4991 στολῆς
456 4918 592 4995 ἀγάλματι
609 4921 668 4975 θεοῦ
684 4914 763 4974 πλέον
784 4914 898 4993 ἣθνητῇ
945 4926 1055 4976 mortalis
1069 4926 1176 4976 mulieris
1189 4926 1281 4976 similis.
1315 4929 1405 4989 stupor
1426 4926 1497 4987 igitur
1517 4939 1601 4975 ornnes
1614 4924 1677 4988 cepit
1690 4944 1697 4975 ε
1710 4927 1735 4975 ct

81 4990 212 5065 γυναικὶ
226 5006 463 5087 προσεικαζομένη.
505 5005 617 5083 Θάμύος
639 5009 700 5083 γοῦν
724 5003 781 5082 ἅμα
800 5004 900 5072 πάντας
946 5015 1075 5064 clamorem
1089 5028 1166 5064 unum
1180 5014 1310 5064 obscurum
1324 5018 1348 5064 et
1361 5014 1555 5074 inarticulatum,
1570 5013 1735 5063 admirationis

76 5074 234 5193 ἒὴὲῦχε.
279 5095 334 5154 Καὶ
350 5092 414 5174 βοὴν
433 5094 496 5171 μίαν
512 5093 615 5171 ἄσημον
633 5091 680 5169 μὲν
695 5092 740 5151 καὶ
755 5092 896 5174 άναρθρον,
946 5103 1062 5163 indicem,
1077 5102 1218 5164 ediderunt,
1231 5116 1287 5152 curn
1299 5103 1345 5152 alia
1356 5102 1526 5165 suspicientes,
1543 5105 1597 5152 tnm
1610 5102 1674 5166 quod
1688 5102 1735 5150 tor·

91 5152 260 5255 ηλιυ’ςικὴν
274 5181 303 5243 ll
320 5188 366 5243 τοῦ
381 5182 529 5259 θαύματος,
553 5181 693 5262 ἐπήχησαν
707 5184 759 5241 τῶν
773 5185 796 5240 τ’
811 5181 898 5241 ἄλλων
946 5205 1011 5243 mam
1028 5193 1081 5257 plus
1093 5205 1167 5255 quam
1182 5193 1313 5243 humanam
1330 5194 1356 5243 et
1368 5193 1520 5242 venustatem
1536 5190 1643 5242 llorentis
1657 5188 1735 5240 utatis
