3726 5692
693 348 905 410 HELIODORI
926 349 1235 411 AETHIOPICORUM

348 515 490 582 ΛΟΓΟΣ
517 514 750 583 ΤΕΤΑΡΤΟΣ.
963 510 968 589 l
1185 507 1316 575 LlBER
1349 507 1576 594 QUARTUS.

195 669 238 735 'li
256 671 282 731 δὲ
297 671 458 751 ὑστεραίᾳ,θ
483 667 529 745 μὲν
554 666 658 727 Πυθίων
672 664 743 743 ἀγὼν
766 663 868 741 ἔληγεν,
884 667 898 722 θ
913 661 940 721 δέ
1021 671 1137 722 Postridie
1148 684 1205 721 rere
1216 671 1317 734 Pythius
1330 670 1429 733 quidem
1442 684 1504 733 agen
1517 668 1653 731 desinebat,
1666 671 1783 733 lurmllis

156 767 208 822 τῶν
222 764 285 820 νέων
301 760 462 835 ἐπήκμαζεν,
478 759 707 834 ἀγωνοθετοῦντος,
719 744 805 829 οἶμαι,
822 753 867 810 καλ
879 757 943 831 βρα·
988 764 1070 810 numm
1085 761 1208 820 terrebat,
1217 760 1317 820 arbitm‚
1330 763 1359 809 ut
1375 758 1501 820 existimo,
1513 761 1538 809 et
1549 759 1653 821 preside
1661 760 1782 822 cuptdine

158 851 276 916 ύεύοντος
299 845 419 928 Ἔρωτος
447 845 492 905 καλ
515 844 547 902 δι’
558 833 681 915 Ιἀθλητῶν
706 842 752 900 δύο
774 840 872 901 τούτων
900 838 942 904 οὓς
989 852 1013 898 et
1027 861 1070 910 per
1091 848 1135 897 laos
1152 847 1213 897 dues
1230 849 1346 910 athletas,
1369 861 1431 910 ques
1449 846 1624 909 conjunxerat,
1643 846 1778 898 mammem

156 939 290 1015 ἐξεύξαιτο,
309 938 430 1016 μέγιστον
453 932 561 1011 ἀγώνων
580 931 624 989 τὸν
640 930 704 989 ίδιον
720 933 853 1011 ἀποφῆναι
867 931 942 1010 ριλο-
989 943 1151 992 certaminum
1168 955 1240 991 auum
1256 941 1383 991 ostendere
1399 940 1568 991 contendente.
1601 941 1700 991 Accidit
1716 944 1777 993 enlm

129 1027 331 1098 τνεικήσαντος.
374 1024 496 1100 Γίγνεται
517 1022 568 1100 γάρ
596 1044 621 1078 τι
646 1024 773 1079 τοιοῦτον.
818 1016 942 1097 ’Eosdem
989 1038 1038 1087 tale
1051 1035 1776 1100 quiddam.specubaturecta‚1udieesaetemenntam

158 1116 205 1194 μὲν
219 1121 236 1186 ἧ
250 1113 359 1186 Ἑλλὰς,
373 1111 525 1184 ἧθλθθίνννν
539 1108 561 1167 δ’
574 1110 598 1167 νί
611 1107 806 1190 ’Ᾱμθννῐνέννῑθ
850 1106 943 1168 'Em‘
990 1131 1138 1194 plrictpoues.
1172 1134 1303 1193 Postquam
1317 1129 1584 1192 igituraliamagnitlee
1597 1133 1697 1193 peracta
1710 1135 1776 1193 sunt,

157 1205 189 1275 δνλ
213 1204 297 1263 τοίνυν
323 1202 408 1259 “m‘'
433 1200 638 1279 μεῖνλνπθῑπῶί
662 1198 813 1274 τετέλεστνι
839 1196 942 1277 δρόμων
990 1238 1075 1275 cursus
1088 1225 1317 1285 certamina,luctee
1330 1224 1774 1289 consertiones‚tmetuumpngnae,sd

158 1293 268 1372 ἐμνλλαν
279 1292 325 1350 ναί
338 1288 423 1362 πάλης
435 1288 586 1365 m’dm‘⁰²1
600 1287 645 1345 καί
661 1291 767 1365 mildi
780 1283 943 1366 ’ἐννίννννίνίνι
989 1320 1125 1369 extremum
1136 1332 1227 1382 praee,
1240 1319 1334 1369 Armatl
1344 1317 1474 1381 prodeant,
1482 1319 1643 1381 proclamavit
1654 1322 1680 1370 et
1689 1320 1772 1371 adltna

157 1383 229 1449 τέλος
243 1385 257 1439 δ
280 1380 328 1458 μὲν
343 1378 441 1458 κήρυξ,
455 1375 559 1458 Ἄνδρες
583 1378 690 1435 ὁπλῖται
712 1375 868 1455 παριόντων,
883 1376 942 1432 ἀνι·

122 1494 145 1531 ιο
159 1469 263 1541 ύύησεν.
306 1467 341 1528 Ἡ
357 1469 464 1544 ζάκορος
480 1466 516 1537 δὲ,
538 1463 731 1543 ἡΧοιρίκλεια,
746 1463 805 1521 κατ’
821 1463 899 1543 ἀκρον
913 1462 943 1520 τὸ

160 1557 264 1615 στάδιον
280 1555 373 1635 ἀθρόον
387 1555 542 1634 ἐξέλαμψεν,
569 1551 699 1632 ἀριγμένη
722 1552 767 1610 καὶ
790 1551 889 1611 ἄκουσα
901 1549 944 1608 διά

158 1646 315 1724 τὸπαίτριον,
328 1644 345 1715 ἢ
356 1644 445 1715 πλέον,
456 1643 515 1718 ἐμοί
527 1645 621 1713 δοκεῖν,
635 1641 744 1722 ὄψεσθαί
757 1664 807 1699 που
817 1639 861 1698 τὸν
871 1642 944 1698 Θεα-

159 1735 236 1813 γένην
260 1733 410 1806 ἐλπίζουσα,
433 1736 466 1811 τῇ
480 1734 543 1810 λαιᾷ
568 1730 615 1807 μὲν
634 1730 753 1806 ήμμένον
776 1751 943 1809 πυρρορουσα

100 1860 103 1865 -
158 1821 320 1898 λαμπάδιον,
346 1823 443 1901 θατέρᾳ
462 1819 489 1878 δέ
503 1817 615 1900 φοίνικος
641 1819 711 1897 ἔρνος
728 1815 941 1898 προὸεύλημένη.

120 1928 144 1967 le
160 1911 213 1970 Καί
223 1911 333 1990 ρανεῖσα
346 1919 399 1967 πᾶν
413 1908 460 1985 μὲν
469 1907 499 1965 τδ
511 1907 618 1985 θέατρον
633 1909 673 1987 ἐρ’
683 1906 765 1976 αύτήν
778 1906 944 1985 ἐπέστρεψεν.

157 1993 245 2077 Ἐρθη
266 1998 291 2056 δὲ
309 1998 370 2076 τοίγ’
395 1997 477 2063 οὐδεὶς
498 1995 541 2054 τὸν
556 1994 702 2072 Θεαγένους
725 1994 873 2076 ὀρθαλμόν·
888 1993 945 2061 ὀξύς

158 2085 210 2166 γάρ
225 2092 238 2144 ὁ
256 2090 320 2165 ἐρῶν
333 2088 397 2143 ἰδεῖν
411 2085 441 2142 εδ
454 2084 623 2160 ποθούμενον.
667 2083 784 2149 Ἐκεῖνος
799 2083 822 2140 δ’
835 2082 886 2162 ἀρα
899 2083 944 2140 καὶ

159 2168 380 2251 προακηκοὼςτδ
400 2171 534 2246 ἐσόμενον,
548 2171 612 2251 πρὸς
623 2170 684 2245 μίαν
704 2170 747 2228 τὸν
760 2174 818 2227 νοῦν
836 2171 945 2248 ήσγύλει

159 2262 206 2331 τὴν
217 2262 414 2342 παρατήρησιν·
431 2259 498 2318 ὥστε
507 2259 566 2319 ούδέ
587 2267 688 2318 σιωπᾶν
700 2258 872 2338 ἐκαρτέρησεν
887 2258 944 2316 ἀλλ’

119 2375 146 2413 ae
159 2351 247 2431 ἠρέμα
265 2351 329 2429 πρός
351 2374 397 2426 με,
412 2353 528 2419 καθῆστο
543 2347 570 2406 δέ
594 2371 643 2424 μου
661 2347 772 2418 πλησίον
786 2346 945 2418 ἐξεπίτηδες,

160 2438 234 2510 Αὕτη
248 2439 344 2514 ἐκείνη,
360 2437 421 2517 ἔφη,
444 2436 601 2516 Χαρίκλεια.
646 2436 699 2495 Καὶ
717 2435 760 2493 τὸν
776 2435 823 2509 μὲν
838 2439 945 2515 ἠρεμεῖν

160 2526 312 2586 ἐπέταττον.

200 2614 241 2676 B'.
261 2614 333 2694 Πρὸς
346 2613 373 2672 δέ
385 2612 433 2685 τὴν
448 2615 541 2684 κλῆσιν
552 2618 597 2671 τοῦ
608 2613 841 2692 κήρυκος,παρῃέι
850 2636 889 2679 τις
903 2615 944 2671 εύ-

160 2705 262 2768 σταλῶς
272 2700 445 2777 ὡπλισμένος,
457 2699 525 2778 μέγα
536 2724 564 2759 τε
572 2704 673 2782 ρρονῶν
684 2701 729 2759 καί
742 2700 818 2776 μόνος
832 2700 946 2768 ἐπίδοξος

120 2810 145 2849 ατ
160 2795 194 2857 ὡς
210 2788 293 2848 ἐδόκει
305 2789 351 2847 καί
365 2787 476 2855 πολλοὺς
491 2788 543 2862 ἤδη
555 2788 681 2870 πρότερον
695 2791 797 2865 ἀγῶνας
809 2790 947 2863 ἀναδησά-

160 2901 250 2955 μενος,
265 2877 324 2935 τύτε
339 2877 366 2934 δὲ
378 2876 421 2935 τὀν
435 2877 676 2956 ἀνταγωνιούμενον
693 2879 741 2936 οὐκ
756 2877 833 2958 ἔχων,
846 2879 946 2948 ούδενδς

160 2957 235 3042 οἶμαι
259 2964 436 3046 θαρρήσαντας
461 2964 508 3035 τήν
532 2965 672 3043 ἅμιλλαν·
704 2965 871 3045 Ἀπέπεμπον
902 2961 945 3029 σύν

160 3054 237 3112 αὐτὸν
250 3054 273 3111 ei
289 3053 482 3133 Ἀμφικτύονες.
524 3055 565 3113 Ού
580 3053 631 3133 γάρ
645 3054 794 3134 ἐπιτρέπειν
808 3054 853 3114 τὸν
867 3055 945 3133 νόμον

159 3144 205 3202 οὐκ
217 3140 408 3223 ἀγωνισαμένῳ
420 3143 546 3224 στέρανον
556 3143 733 3223 ἀποκληροῦν.
778 3141 846 3203 ’0δέ
858 3146 946 3202 καλεῖ-

119 3248 146 3288 ³0
160 3236 221 3290 σθαι
236 3232 279 3290 τὸν
294 3232 450 3310 βουλόμενον
469 3231 520 3289 ὑπὸ
532 3236 576 3290 τοῦ
590 3231 703 3311 κήρυκος
720 3235 756 3298 τίς
770 3232 818 3302 τήν
832 3234 946 3308 ἀγωνίαν

57 3368 61 3381 .
160 3319 243 3392 ἠξίου.
288 3319 448 3380 Ἔπέταττον
463 3322 487 3377 οἱ
504 3318 642 3377 ἀθλοθέται
662 3320 707 3376 καί
723 3322 828 3377 ἀνεῖπεν
840 3325 854 3378 ὁ
866 3321 945 3400 κη’ρυξ

158 3408 232 3480 ήκειν
256 3408 300 3466 τὸν
323 3408 535 3482 ἐπελευσόμενον.
581 3407 615 3467 Ὁ
641 3407 668 3465 δὲ
692 3407 841 3485 Θεαγένης,
863 3401 947 3476 Ούτος

159 3496 206 3573 ἐμὲ
216 3500 304 3573 καλεῖ,
321 3497 385 3577 πρός
400 3520 433 3570 με
443 3494 548 3576 ἔφησεν.
592 3496 676 3573 Ἐμοῦ
691 3495 729 3570 δέ,
744 3499 806 3563 Πῶς
817 3502 893 3556 τοῦτο
904 3498 945 3556 λέ·

158 3609 228 3662 γεις,
253 3585 380 3649 είπύντος·
396 3583 499 3656 Ούτως,
522 3574 603 3656 εἶπεν,
617 3587 653 3650 ῶς
676 3584 758 3657 ἔσται,
772 3572 794 3642 ῶ
808 3583 901 3663 πάτερ·
917 3589 945 3644 ού

120 3697 146 3736 es
158 3672 209 3752 γάρ
223 3696 261 3738 τις
278 3675 340 3747 ἐμοῦ
351 3671 479 3750 παρόντος
495 3672 541 3729 καί
556 3675 676 3751 δρῶντος,
692 3670 778 3750 ἐτερος
788 3675 817 3731 ἐκ
829 3676 880 3731 τῶν
891 3676 946 3734 Χα·

160 3761 272 3839 ρικλείας
283 3763 379 3839 χειρῶν
389 3759 418 3816 τὸ
428 3759 577 3839 νικητήριον
589 3759 737 3818 ἀποίσεται.
784 3760 841 3832 Τὴν
852 3761 874 3818 δ’
884 3765 946 3821 ἀπο·

159 3872 209 3928 roy¹⁴
212 3849 261 3920 ίαν,
277 3848 351 3923 ἔφην,
366 3848 412 3905 καλ
421 3846 467 3917 τὴν
480 3850 510 3906 ἐκ
521 3847 617 3919 ταύτης
630 3847 734 3915 ἀδοξίαν
750 3850 865 3925 οὐδαμοῦ
878 3850 946 3909 τίθε-

159 3958 221 4013 σαι,
254 3936 309 3997 Καὶ
339 3934 393 4011 τίς,
427 3926 508 4008 εἶπεν,
531 3935 611 4003 οὕτως
639 3938 700 3994 ἰδεῖν
726 3936 772 3995 καί
800 3939 946 4010 πλησιοίσαι

160 4025 307 4104 Χαρικλείᾳ
317 4027 432 4100 μανικῶς
442 4023 616 4096 ἐσπούδακεν,
627 4023 696 4084 ὥστε
705 4049 737 4102 με
747 4028 946 4106 παραδραμεῖν;

119 4139 145 4179 le
158 4114 217 4171 τίνοι
229 4113 251 4171 δ’
263 4112 344 4179 otene
357 4117 374 4183 ἡ
390 4112 448 4194 ὄψις
458 4113 557 4185 ἐκείνης
574 4114 645 4192 τύχοι
660 4115 705 4173 καὶ
717 4138 765 4172 πτε
783 4118 851 4173 ῶσοιι
866 4116 946 4174 δύνα-

159 4226 202 4261 ται
216 4200 261 4260 καί
287 4201 428 4280 μετάρσιον
442 4200 725 4279 ἐτ’τισπαίσασθαιςίλύκ
744 4139 819 4262 efeso
842 4202 882 4263 ὅτι
901 4205 945 4263 καί

158 4290 202 4349 τὸν
216 4289 327 4371 Ἔρωτα
342 4294 481 4370 πτεροῦσιν
501 4292 523 4348 οἱ
539 4289 696 4371 γράροντες,
707 4290 737 4349 τὸ
748 4291 879 4363 εὐκίνητον
894 4297 945 4351 τῶν

159 4380 201 4438 ὑπ’
213 4383 291 4438 αὐτοῦ
307 4379 510 4458 κεκρατημένων
527 4380 751 4456 αίνιττόμενοιςΕί
767 4381 832 4438 δέτι
848 4382 945 4440 δεῖκαὶ

159 4469 262 4544 κόμπου
280 4473 415 4549 προσεῖναι
426 4468 479 4533 τοῖς
491 4468 653 4547 εἰρημένοις,
670 4469 752 4536 ούδείς
764 4472 789 4535 ἐς
800 4468 847 4540 τὴν
862 4470 943 4547 τήμε-

119 4583 145 4621 ts
160 4581 201 4637 ρον
217 4555 280 4617 ποσί
294 4581 326 4632 με
338 4555 474 4636 παρελθὼν
490 4556 657 4632 ἐσεμνύνατο.

200 4645 241 4709 Γ.
276 4648 360 4705 Ταῦτ’
384 4635 441 4703 εἷπε
463 4644 507 4703 καί
530 4645 656 4717 ἀνήλατο.
701 4645 844 4726 Παρελθών
865 4648 890 4704 τ’
910 4649 945 4714 τίς

160 4734 269 4810 μέσους,
286 4735 315 4791 τό
329 4734 352 4791 τ’
365 4733 448 4810 ὄνομα
461 4733 641 4813 προσήγγελλε
656 4734 702 4793 καί
719 4735 748 4794 τὸ
764 4736 833 4801 ἔθνος
851 4735 944 4806 ἐδήλου

159 4821 260 4879 καὶτοῦ
280 4821 376 4900 δρόμου
391 4823 438 4893 τήν
459 4821 550 4903 χώραν
568 4825 709 4904 ἐκληροῦτο
721 4824 766 4884 καὶ
788 4824 835 4896 τήν
857 4847 944 4882 πανο-

159 4904 238 4964 πλίαν
254 4908 325 4974 ἐνδύς
339 4911 487 4988 ἐφειστήκει
498 4913 531 4982 τῇ
547 4911 705 4991 βαλὸῖδιτδν
720 4912 813 4992 δρόμον
832 4911 945 4987 ἀσθμαί-

120 5020 145 5058 se
160 5017 210 5052 νων
233 4993 278 5052 καί
293 4994 322 5051 τὸ
347 4997 420 5077 παρὰ
443 5002 489 5070 τῆς
503 4997 646 5078 σάλπιγγος
661 5000 795 5076 ἐνδόσιμον
816 4999 885 5057 ἀκων
899 4999 944 5057 καί

991 1413 1117 1464 Chariclen
1126 1413 1387 1463 inextremitatestadii
1396 1414 1478 1462 statim
1487 1413 1646 1476 resplenduit.
1677 1417 1771 1467 veen

990 1509 1069 1569 enim,
1081 1508 1193 1570 quamvis
1203 1508 1296 1569 invita,
1308 1510 1406 1571 prepter
1415 1521 1507 1558 morem
1518 1510 1634 1572 patrium.
1647 1510 1687 1560 rel
1696 1511 1769 1575 mapa,

992 1615 1044 1651 mea
1056 1601 1154 1664 quidem
1166 1603 1292 1661 sententia,
1304 1615 1330 1651 se
1342 1602 1448 1652 visuram
1459 1601 1548 1652 alicubi
1559 1603 1713 1666 Theogenem
1726 1618 1769 1669 spr-

891 1733 907 1747 κ
991 1709 1060 1757 rans,
1069 1695 1166 1746 sinistra
1178 1696 1388 1746 terensaecensom
1406 1698 1496 1757 lacem,
1508 1698 1584 1746 altera
1593 1700 1677 1748 autem
1685 1712 1770 1749 remu

990 1788 1078 1852 palmae
1094 1787 1246 1850 pretendens
1257 1806 1263 1837 ε
1276 1791 1302 1837 et
1316 1801 1373 1837 cum
1389 1789 1563 1851 comparuisset
1574 1790 1693 1840 continno
1703 1793 1773 1841 loten

991 1880 1151 1943 spectantium
1172 1893 1310 1929 consessum
1325 1879 1356 1927 ad
1370 1893 1421 1930 sese
1436 1882 1564 1931 convertit.
1592 1883 1640 1933 Vel
1652 1885 1688 1932 sle
1700 1885 1776 1933 umen

991 1984 1063 2021 neme
1077 1973 1209 2034 Tlreagenls
1218 1971 1302 2021 ocules
1316 1972 1447 2033 pravortit.
1482 1972 1561 2022 velox
1574 1975 1612 2023 est
1624 1974 1785 2024 enimam

991 2062 1279 2124 adridendunrid,cu1'us
1290 2062 1409 2112 desidente
1420 2065 1525 2114 θτιισθυι.
1556 2066 1628 2128 Atqui
1639 2065 1792 2130 illelmrper

992 2169 1048 2203 eom
1062 2154 1166 2204 audisset
1183 2154 1305 2215 salceid,
1320 2154 1385 2216 qued
1404 2157 1458 2204 erat
1469 2155 1592 2217 futurum,
1608 2156 1697 2208 ineam
1707 2158 1798 2208 aelam

992 2246 1182 2295 observationem
1192 2247 1273 2294 animo
1282 2246 1394 2295 vacabat.
1426 2249 1578 2310 Quapropter
1590 2261 1622 2297 nc
1634 2251 1716 2300 tacere
1726 2248 1801 2314 qui-

992 2340 1046 2390 dem
1056 2341 1147 2403 potuit,
1158 2340 1200 2390 scd
1209 2340 1329 2390 submisse
1340 2341 1370 2389 ad
1381 2355 1434 2402 me,
1446 2342 1560 2404 (sedebat
1568 2346 1650 2393 autem
1660 2345 1801 2408 proximus

992 2433 1051 2482 milri
1065 2433 1145 2482 dedita
1163 2435 1251 2496 opera)
1274 2435 1318 2484 llla
1337 2435 1403 2497 ipsa,
1419 2435 1511 2497 inquit,
1534 2436 1660 2487 Glrarlclea
1675 2441 1721 2489 est.
1751 2434 1801 2489 Ε

992 2527 1057 2576 hunc
1070 2527 1167 2589 quidem
1180 2527 1303 2589 quiescere
1315 2527 1439 2590 jubebam.

1026 2623 1056 2670 ll.
1074 2621 1110 2672 ld
1124 2620 1231 2671 edictum
1243 2624 1324 2672 autem
1336 2624 1452 2686 prrceenis
1461 2622 1574 2675 veniebat
1585 2624 1686 2688 quidam
1696 2626 1764 2677 calm
1773 2618 1801 2669 ἱ

993 2709 1067 2757 armis
1077 2711 1208 2760 exornatus
1218 2712 1242 2759 et
1261 2723 1361 2772 magnos
1372 2712 1469 2774 spiritus
1482 2725 1579 2775 gerens,
1594 2714 1707 2777 solesque
1719 2715 1801 2764 use

992 2799 1086 2847 ceteros
1100 2798 1193 2860 clarus,
1203 2800 1232 2848 ut
1247 2798 1361 2861 putabat,
1379 2800 1456 2862 quiin
1471 2801 1553 2850 multis
1561 2787 1613 2863 jam
1625 2804 1801 2854 maaser:

993 2884 1098 2935 minibus
1108 2888 1239 2936 euronotus
1255 2887 1334 2937 iuerat
1342 2923 1350 2949 ,
1360 2890 1420 2937 tunc
1431 2891 1512 2938 autem
1528 2892 1721 2941 ceueertatem
1734 2898 1801 2941 οῦ

993 2973 1111 3037 habebat,
1127 2975 1235 3036 nemine,
1250 2978 1279 3024 ut
1289 2976 1415 3037 existimo,
1428 2977 1452 3026 in
1467 2980 1590 3028 certamen
1610 2980 1707 3042 prodire
1718 2992 1801 3031 w

994 3061 1157 3112 demittebant
1168 3062 1240 3124 igitur
1256 3076 1313 3112 enm
1331 3065 1528 3127 Amphictyones.
1562 3069 1646 3130 Neque
1666 3068 1731 3119 enim
1743 3068 1801 3119 le

994 3151 1119 3214 permittit,
1129 3153 1156 3199 ut
1165 3152 1186 3199 ei
1195 3152 1237 3213 qui
1247 3164 1296 3200 nen
1305 3152 1385 3201 inierit
1392 3157 1516 3203 certamen
1528 3168 1619 3204 corona
1629 3156 1792 3207 decernat-

993 3232 1035 3288 llle
1042 3241 1123 3287 autem
1135 3240 1261 3300 provocari
1268 3253 1282 3287 a
1289 3253 1401 3301 praecone
1409 3241 1434 3290 in
1445 3244 1567 3292 certamen
1576 3257 1642 3304 eum,
1650 3245 1694 3307 qul
1703 3244 1801 3294 velle

994 3327 1139 3389 postulabat.
1173 3329 1326 3389 imperabant
1340 3329 1447 3391 judiees,
1468 3331 1627 3394 proclamavit
1644 3346 1739 3395 praeee,
1772 3336 1801 3369 ¹

992 3413 1099 3477 prodiret
1111 3414 1198 3475 aliquis
1209 3416 1251 3477 qui
1268 3419 1389 3467 certamen
1401 3419 1461 3468 loire
1472 3419 1554 3469 vellet.
1586 3421 1726 3484 Theogenes
1736 3424 1801 3471 a·

992 3504 1042 3552 tem
1051 3503 1083 3551 ad
1099 3516 1152 3564 me,
1166 3503 1211 3552 llic
1224 3517 1264 3553 me
1278 3510 1362 3567 vocat,
1375 3507 1462 3569 inquit.
1496 3510 1534 3557 lle
1546 3511 1643 3571 autern,
1656 3498 1801 3568 Quomec?

993 3591 1039 3640 hec
1051 3590 1123 3650 dicis,
1133 3595 1257 3654 quarente
1268 3612 1274 3642 ι
1285 3593 1333 3655 Sic,
1342 3598 1370 3643 ut
1380 3595 1434 3653 erit,
1445 3595 1531 3657 inquit,
1542 3599 1624 3658 pater;
1633 3596 1801 3660 aequantia

993 3679 1121 3742 quisquam
1133 3679 1204 3741 elius,
1217 3684 1336 3744 praesente
1347 3685 1371 3731 et
1386 3681 1482 3732 ridente
1491 3697 1543 3742 mc,
1554 3697 1584 3733 τε
1594 3686 1708 3737 manibus
1717 3688 1801 3739 (3θέ

994 3768 1073 3817 ιίοΙτττ
1087 3768 1195 3818 steterim
1207 3771 1335 3832 praemium
1350 3771 1451 3820 auferet.
1484 3773 1675 3825 Frustmtienern
1687 3776 1801 3829 καί,

994 3856 1101 3919 inquam,
1113 3859 1137 3906 et
1146 3858 1301 3919 ignominiam
1310 3860 1435 3921 quamne
1442 3862 1608 3924 consequitur,
1617 3863 1679 3913 nillil
1686 3864 1801 3915 amalfi

993 3949 1079 3995 curas?
1095 3947 1155 4002 Quis
1168 3948 1264 4006 aetem,
1278 3947 1369 4009 lnquit,
1382 3950 1450 3998 tanto
1463 3949 1801 4013 arderessagrecrideedta

992 4033 1200 4096 appmplnquandi
1212 4036 1357 4094 Chariclen,
1367 4040 1396 4086 ut
1407 4050 1446 4086 me
1456 4040 1607 4089 antevertat?
1616 4044 1657 4090 eui
1671 4055 1731 4093 vem
1739 4042 1801 4107 pfl

993 4120 1061 4169 rindc
1071 4125 1144 4184 atque
1159 4123 1218 4171 milri
1232 4124 1359 4187 adspectus
1372 4126 1436 4175 illius
1447 4127 1498 4176 alas
1513 4127 1601 4178 addere
1611 4131 1801 4192 woeserma

993 4209 1017 4258 in
1028 4209 1132 4260 srrblime
1146 4215 1244 4274 raperet
1254 4217 1289 4261 An
1302 4215 1391 4273 nescis,
1406 4215 1472 4277 qued
1484 4221 1597 4266 Amorem
1609 4219 1801 4270 etiamalalnt!

995 4299 1086 4348 iaciunt
1103 4301 1221 4362 pictores,
1244 4302 1376 4364 agilitatem
1395 4304 1506 4367 illerum,
1527 4307 1568 4367 qui
1586 4319 1616 4356 ee
1634 4307 1801 4359 dettnw

993 4388 1060 4448 quasi
1075 4389 1201 4452 aenigmate
1211 4391 1316 4452 quodam
1330 4391 1503 4453 significantes?
1515 4393 1588 4454 Quod
1597 4395 1619 4443 si
1628 4396 1801 4459 opertetlatss

992 4477 1107 4526 tationem
1124 4479 1238 4527 accedere
1253 4479 1283 4527 ad
1304 4493 1331 4526 ea
1346 4494 1401 4541 quse
1414 4481 1479 4531 dicta
1497 4485 1566 4546 sunt,
1579 4495 1654 4534 neme
1671 4485 1705 4535 ad
1719 4486 1796 4537 laer

993 4579 1069 4627 nsque
1078 4565 1151 4627 diem,
1162 4566 1227 4628 quod
1236 4580 1274 4616 me
1285 4567 1385 4630 pedibus
1397 4573 1559 4634 praecurrerit,
1569 4572 1688 4634 gloriatus
1695 4582 1742 4625 eal.

1024 4657 1066 4704 ΙΙΙ.
1082 4657 1140 4703 llaec
1151 4654 1213 4703 dixit
1225 4657 1250 4705 et
1264 4656 1374 4718 prresiluit
1383 4670 1411 4705 ac
1424 4671 1560 4721 progressus
1571 4661 1595 4709 in
1607 4662 1801 4725 mediumme‘

993 4756 1048 4791 men
1060 4743 1145 4792 edebat
1156 4745 1181 4791 et
1192 4743 1314 4793 indicabat
1325 4749 1421 4806 gentem
1433 4749 1457 4796 et
1473 4746 1554 4796 lecum
1568 4761 1656 4800 cursus
1668 4751 1796 4803 sertielsv

993 4837 1033 4880 tur
1047 4834 1080 4892 et,
1091 4832 1174 4880 induta
1184 4835 1236 4881 tota
1244 4837 1381 4893 armatura,
1391 4837 1458 4884 stetit
1469 4835 1499 4884 ad
1510 4850 1628 4900 carceres,
1641 4840 1724 4891 nudie
1730 4855 1801 4891 αυτ-ν

993 4919 1059 4968 rendi
1078 4920 1192 4969 anlrelans
1205 4924 1229 4970 et
1248 4921 1341 4984 signum
1353 4922 1419 4973 tuboe
1433 4924 1524 4974 inritos
1535 4928 1560 4974 et
1575 4925 1616 4975 vin
1630 4933 1781 4991 exspectans.
1797 4962 1801 4969 .

993 5007 1139 5057 Praeclarum
1154 5009 1277 5070 quoddam
1291 5011 1343 5059 erat
1355 5012 1519 5073 spectaculum
1535 5017 1560 5063 et
1573 5016 1749 5078 conspicuum,
1760 5021 1784 5067 et

161 5081 234 5159 μύγις
262 5082 411 5157 ἀναμένων·
436 5086 530 5162 σεμνόν
544 5111 568 5143 τι
594 5088 680 5164 θέαμα
703 5087 748 5145 καί
771 5087 943 5166 περίύλεπτον
993 5096 1063 5158 quale
1078 5100 1211 5158 Homerus,
1227 5098 1250 5146 in
1265 5113 1313 5161 que
1329 5099 1432 5149 Achilles
1450 5101 1533 5162 proelio
1552 5101 1582 5150 ad
1604 5104 1783 5155 Scamandrum

159 5170 205 5229 καί
219 5161 271 5228 οίον
295 5166 417 5251 Ὅμηρος
440 5174 483 5231 τὸν
508 5174 629 5252 Ἀχιλλέα
643 5175 690 5244 τὴν
718 5175 761 5234 ἐπὶ
776 5175 945 5256 Σκαμάνδρῳ
967 5160 972 5225 ί
993 5189 1078 5247 certat,
1088 5186 1226 5237 introducit.
1258 5189 1784 5245 commetaenimeratGroeciatetaadlllud
