3726 5692
134 292 135 297 ί
186 336 225 385 οε
433 352 439 371 ·
843 320 1017 382 acaunus
1039 322 1147 380 rara

185 464 258 543 ρόσει
273 462 383 541 δάκρυον
400 459 602 537 ἐπαγωγότατον
617 459 689 517 ἐλέου
707 464 760 526 τοῖς
774 462 867 539 δρῶσι·
887 460 917 518 τὸ
941 460 968 518 δὲ
1017 465 1086 511 actus
1099 465 1153 519 est,
1169 462 1271 526 ejusque
1284 464 1347 513 ocuti
1363 464 1476 526 lacrymis
1493 464 1576 526 repleti
1588 467 1652 513 sunt.
1688 469 1723 513 tta
1738 466 1804 514 enim

183 557 233 610 τῶν
256 555 386 628 γυναικῶν
404 550 519 623 μᾶλλον,
535 545 588 627 ὅσῳ
614 546 696 625 (γὰρ)
719 548 909 629 θαλερώτεροε,
925 573 967 607 το.
1015 553 1102 599 aratura
1116 554 1283 613 comparatum
1298 556 1348 612 eo,
1364 555 1391 601 ut
1405 553 1518 614 lacryrum
1537 552 1648 602 videntes
1663 553 1693 601 ad
1715 556 1805 602 miseri·

186 640 269 719 σούτῳ
284 639 328 696 καί
348 637 513 715 γοητότερον.
557 635 624 694 'Lao
646 635 668 693 δ’
686 641 703 706 ἡ
719 636 868 715 δακρύουσα
892 630 969 715 {final
1016 640 1122 689 cordiam
1132 640 1804 703 moveam:etmagismuaerumittaquanroteruam

183 727 271 802 καλὴ,
286 726 356 783 καὶὸ
373 723 466 794 θεατὴς
481 723 611 802 ἐραστὴς,
629 724 683 781 οὔθ’
696 725 827 804 δρθαλμδς
848 729 969 804 ἀτρεμεῖ,
1016 742 1054 777 res
1074 729 1138 778 enim
1154 733 1227 788 sunt,
1247 731 1316 779 tauto
1330 729 1405 791 magis
1426 729 1559 778 incantant.
1593 728 1698 786 Quodsi
1718 731 1806 779 mulia·

155 814 251 871 till&
265 813 294 870 τὸ
307 815 418 892 δάκρυον
431 810 591 887 ἐμιμήσατο,
636 810 747 884 Ἐπειδὴ
762 812 861 893 papate
876 813 969 889 εὰόμ.
1016 817 1137 876 tormosa,
1158 819 1183 865 et
1206 817 1226 865 is
1248 817 1290 878 qui
1306 820 1415 879 spectat,
1438 820 1531 866 araaator
1546 818 1601 866 sit:
1628 820 1687 866 tunc
1703 818 1806 867 videntis

138 973 144 986 γ
184 927 254 978 ματα
273 905 323 959 τῶν
339 903 426 958 καλῶν
443 900 472 958 αδ
495 900 590 967 κάλλος
608 900 737 973 κάθηται,
752 899 809 980 ρέον
832 903 855 959 δ’
874 903 970 959 ἐκεῖθεν
1016 904 1081 952 oculi
1105 918 1259 967 nequaquam
1282 906 1423 967 quiescunt,
1440 905 1481 954 sed
1504 906 1623 968 lacrymas
1637 907 1681 968 ipsi
1706 920 1806 969 quoqne

183 991 225 1048 ἐπὶ
250 989 308 1056 τοὺς
333 988 482 1069 ὀρθαλμοθς
502 991 555 1045 τῶν
583 987 703 1066 δρώντων
725 987 832 1047 ἵσταται
853 990 969 1047 καὶτῶν
1016 993 1166 1054 protundum
1183 1014 1188 1042 ι
1206 994 1363 1056 pulchritudo
1375 994 1456 1055 enim,
1471 1008 1527 1056 quae
1542 995 1567 1043 in
1580 996 1741 1045 tormosarum
1751 1011 1807 1044 mar·

183 1077 302 1152 δακρύοιν
328 1076 376 1147 τὴν
399 1075 487 1153 πηγὴν
510 1078 708 1155 συνεφέλκεται.
753 1075 788 1136 Ὁ
814 1080 837 1134 δ’
859 1077 969 1157 ἐραστὴς
991 1100 994 1161 γ
1016 1081 1807 1147 ilerumoculispraecipuumlocumobtinet,abiistnspectau-

183 1164 319 1240 δεξοίμενος
332 1164 425 1244 clupea,
436 1164 466 1221 τὸ
477 1163 524 1238 μὲν
539 1165 636 1230 κάλλος
646 1168 682 1228 εἰς
691 1163 740 1235 τὴν
753 1165 841 1245 ψυχὴν
854 1165 968 1244 ἥρπασε,
991 1166 993 1179 “
1016 1170 1046 1218 tis
1067 1170 1151 1220 ocutos
1166 1171 1287 1232 dimanat,
1302 1172 1513 1234 lacrymarumque
1535 1174 1584 1222 rim
1604 1172 1687 1222 educit
1705 1193 1711 1222 :
1729 1177 1806 1236 atque

145 1266 170 1304 1⁰
183 1253 212 1310 τὸ
227 1253 254 1310 δὲ
268 1253 380 1331 δάκρυον
396 1254 432 1316 εἰς
445 1250 503 1316 τοὺς
517 1251 667 1331 όρθαλμοθς
682 1250 807 1331 ἐτήρησεν
821 1298 828 1324 ,
843 1257 969 1328 ὁραθῆναι
991 1200 993 1311 Λ
1015 1258 1049 1306 ita
1062 1258 1104 1319 tlt,
1120 1262 1147 1309 ut
1160 1262 1262 1320 amator,
1277 1263 1411 1323 utrumque
1425 1261 1559 1323 excipiens,
1573 1261 1734 1310 illamanimc
1746 1262 1806 1311 bau·

183 1341 205 1399 3¹
221 1340 343 1420 εὔχεται,
362 1339 407 1397 καὶ
423 1340 611 1420 ἀποψήσασθαι
628 1340 783 1417 δυνάμενος,
802 1343 848 1398 οὐκ
870 1342 968 1417 ἐθελιι,
1016 1345 1074 1404 rial,
1085 1344 1128 1394 hat
1141 1346 1218 1395 0⁰1¹!ss
1229 1350 1325 1406 stilti»
1337 1360 1399 1408 <1⁰³⁸
1412 1347 1466 1397 dein
1480 1349 1585 1410 0⁰ss⁵til⁰i
1598 1351 1681 1412 Ophi,
1695 1363 1741 1399 ¹10⁰
1753 1364 1804 1412 eds,

184 1432 252 1487 ἀλλὰ
266 1429 296 1487 τὸ
314 1427 444 1506 δάκρυον,
459 1431 494 1493 ὡς
509 1429 635 1504 δύναται,
652 1429 777 1507 κατέχει,
790 1429 835 1487 καλ
851 1429 969 1510 qudeim
1016 1434 1111 1483 taiatetsi
1123 1435 1210 1497 possit,
1221 1435 1358 1498 abstergere
1369 1438 1437 1485 curat
1449 1457 1455 1485 ι
1465 1437 1631 1500 lacrymasque
1640 1438 1704 1487 iutra
1712 1438 1804 1501 sinnam

184 1516 220 1592 μὴ
237 1516 288 1596 πρὸ
308 1522 399 1596 καιροῦ
415 1518 493 1596 φύγῃ,
536 1515 570 1575 Ὁ
588 1516 615 1574 δὲ
631 1515 675 1574 καί
696 1521 747 1575 τῶν
766 1519 907 1598 ὀφθαλμῶν
922 1520 968 1588 τὴν
1015 1522 1130 1584 quamdiu
1142 1526 1235 1585 potest,
1250 1525 1369 1586 continet,
1381 1525 1455 1574 immo
1467 1526 1586 1575 luminum
1600 1529 1679 1576 motus
1692 1527 1805 1588 inhibet,

184 1604 286 1675 κίνησιν
306 1602 409 1684 ἐπέχει,
429 1602 466 1679 μθ,
483 1603 545 1682 πρὶν
560 1602 603 1660 τὸν
619 1602 748 1684 ἐρώμενον
760 1606 823 1663 ἰδεῖν
836 1605 904 1685 ταγθ
927 1613 969 1664 de·
1015 1610 1074 1658 illud
1087 1610 1312 1674 videlicettimens,
1323 1616 1417 1663 ocante
1429 1614 1580 1675 delabantur,
1597 1629 1672 1679 quam
1682 1616 1806 1668 abamata

145 1708 168 1746 ιο
183 1692 252 1771 λίσῃ
267 1702 366 1752 πεσεῖν.
411 1692 568 1772 Μαρτυρίαν
594 1691 645 1772 γάρ
661 1692 758 1765 ταύτην
781 1694 914 1770 νενόμικεν
930 1695 969 1752 ὅτι
1015 1700 1072 1748 visae
1087 1699 1201 1749 inerint:
1225 1702 1247 1748 id
1272 1702 1335 1750 enim
1357 1703 1421 1765 capti
1447 1717 1529 1753 amore
1549 1705 1623 1754 animi
1642 1706 1736 1767 siguum
1753 1721 1806 1757 esse

182 1780 227 1837 καί
255 1782 332 1860 ριλεῒ.
375 1779 488 1840 Τοιοῦτό
505 1803 532 1836 τι
553 1782 590 1859 τῷ
611 1780 772 1863 Θερσάνδρῳ
792 1782 967 1858 συμὸεόήκει.
991 1772 993 1799 ³
1015 1788 1156 1838 arbitratur.
1191 1790 1332 1850 Hrrjusmodi
1348 1792 1465 1853 quiddam
1484 1793 1635 1842 Ttmrsandro
1649 1808 1749 1856 quoque
1766 1809 1804 1845 ae·

182 1868 312 1949 Ἐδάκρυε
327 1868 378 1949 γδιρ
392 1869 456 1946 πρὸς
471 1867 611 1937 ἐπίδειξιν,
625 1868 714 1927 παθὼν
731 1868 779 1944 μέν
794 1894 838 1948 τι,
854 1870 922 1928 κατὰ
940 1871 970 1928 τὸ
1016 1877 1082 1926 cidit.
1115 1878 1193 1927 Flevit
1209 1880 1288 1940 enirn,
1303 1883 1356 1929 tum
1372 1883 1399 1930 ut
1419 1881 1574 1941 ostenderet,
1588 1883 1724 1933 laramanum
1744 1885 1806 1947 quid

183 1958 267 2029 εἰκὸς,
284 1957 461 2036 ἀνθρώπινον,
476 1957 704 2032 καλλωπιζόμενος
716 1957 744 2015 δὲ
759 1960 824 2038 πρὸς
839 1959 886 2029 τὴν
902 1965 969 2019 Λευ·
991 1945 994 1957 ’
1015 1965 1114 2029 quidem
1131 1968 1158 2016 nt
1170 1968 1283 2018 credibile
1295 1971 1345 2030 est,
1359 1983 1460 2031 passus,
1474 1970 1516 2020 sed
1530 1974 1652 2021 euenum
1661 2009 1668 2031 ‚
1678 1975 1705 2021 nt
1716 1987 1731 2022 a
1744 1977 1806 2024 Len·

182 2047 299 2119 κίππην,
322 2050 356 2113 ὡς
374 2046 416 2105 διδ
430 2052 507 2105 τοῦτο
522 2047 729 2125 δεδακρυμένος,
745 2046 784 2104 ότι
800 2048 908 2119 κάκείνη
924 2051 970 2106 δα·
1016 2054 1085 2117 cippe
1096 2056 1197 2117 aratiam
1212 2057 1297 2118 iniret,
1311 2061 1428 2121 tanquam
1444 2060 1535 2108 scilicet
1546 2060 1635 2108 idcirco
1650 2061 1735 2122 tieret,
1746 2062 1805 2124 quia

141 2137 263 2216 coapta.
307 2136 387 2213 Λέγει
410 2127 453 2194 οῦν
478 2135 543 2216 πρὸς
568 2136 612 2194 τὸν
639 2135 778 2209 Σωσθένην
798 2140 968 2217 προσκόψας·
1016 2147 1082 2196 tieret
1106 2149 1165 2209 ipsa.
1199 2149 1285 2203 ltaque
1303 2146 1333 2195 ad
1349 2149 1491 2197 Sostbcncm
1514 2162 1662 2209 conversus,
1681 2152 1719 2199 Tu
1738 2163 1806 2200 nunc

183 2227 238 2282 Νῦν
253 2224 301 2300 μέν
323 2224 403 2295 αὐτὴν
419 2223 592 2303 θεράπευσον·
608 2229 670 2305 ὁρᾷς
682 2224 734 2304 γθρ
752 2229 786 2291 ὡς
801 2226 856 2304 ἔχει
872 2226 967 2297 λύπης.
1015 2236 1103 2298 puellae
1119 2235 1177 2284 buic
1190 2236 1312 2296 aliquam,
1324 2235 1403 2297 inquit
1413 2273 1420 2297 ,
1431 2237 1620 2286 consolationem
1634 2239 1806 2301 atter,quaulo

181 2311 262 2372 'den’
276 2312 475 2390 θπεκστήσομαι
491 2314 536 2372 καὶ
553 2315 616 2389 μάλ’
640 2313 723 2383 άκων,
739 2317 775 2381 ὡς
799 2314 836 2389 μὴ
857 2315 970 2392 ὀχληρὸς
1016 2325 1126 2373 enimin
1156 2336 1260 2373 mcerore
1277 2324 1370 2385 jaceat,
1393 2324 1468 2372 rides.
1503 2328 1552 2388 Ego
1573 2325 1670 2374 tametsi
1695 2326 1805 2386 invitus,

182 2400 247 2472 εἴην.
288 2402 375 2460 “Orno
396 2403 418 2457 δ’
434 2401 601 2480 ἡμερώτερον
622 2402 743 2478 διατεθῇ,
760 2400 819 2459 τότε
832 2404 899 2480 αῦτῦΙ
913 2404 968 2459 δια·
1016 2412 1164 2461 trinetamen
1178 2411 1303 2472 recedam,
1317 2425 1347 2460 uc
1361 2413 1478 2461 molestus
1494 2414 1548 2462 sim.
1583 2414 1706 2474 Post,ubi
1721 2415 1807 2464 mitior

182 2490 359 2569 λεχθήσομαι.
403 2488 442 2548 Σίν
459 2479 646 2568 immadem,
661 2489 846 2569 θάρσει·ταχθ
861 2492 911 2567 γάρ
924 2513 969 2547 σου
1016 2503 1080 2550 taeta
1099 2501 1188 2561 tuerit,
1205 2514 1257 2550 eam
1272 2501 1391 2564 alloquar.
1425 2504 1462 2551 Tu
1478 2502 1569 2551 interea
1584 2502 1647 2551 bono
1661 2502 1805 2564 animosis,

142 2586 167 2624 ²⁵
182 2584 265 2636 ταῦτα
287 2577 320 2635 ad
336 2578 434 2655 δάκρυα
456 2576 578 2653 ἷάσθμκῑι
626 2568 690 2636 Εἶτα
702 2577 774 2655 πρὸς
797 2577 841 2636 τὸν
865 2578 968 2638 Συνσθέ·
1016 2592 1104 2640 mulier
1127 2591 1268 2654 :lacrymas
1286 2591 1350 2639 enim
1371 2591 1428 2641 istas
1446 2592 1502 2639 tuas
1515 2591 1695 2653 quamprimum
1715 2591 1809 2642 abster-

181 2665 339 2737 νηνπάλιν,
356 2665 444 2733 ἐξιώνι
459 2661 555 2729 Ὅπως
570 2663 645 2744 εἴπῃς
659 2664 692 2722 ad
707 2665 795 2723 εἰκότα
809 2666 870 2744 περὶ
886 2668 965 2740 ἕμο”3’
1015 2682 1082 2743 gebo.
1116 2679 1208 2730 Deinde
1223 2693 1346 2742 egressas,
1360 2680 1470 2730 sostheni
1486 2693 1595 2740 rursum,
1609 2682 1691 2741 cave,
1709 2681 1805 2744 inquit,

183 2752 260 2811 ἕωθεν
275 2754 297 2810 θ’
311 2751 383 2822 ἥκειν
397 2751 462 2832 πρός
477 2776 510 2827 με
525 2750 708 2832 κατορθώσας,
724 2751 784 2832 ἔφη·
830 2752 894 2812 Ἰῖπλ
908 2751 968 2811 τού·
1015 2769 1114 2831 ne,uisi
1123 2767 1189 2831 qnod
1201 2766 1299 2829 deceat,
1313 2769 1343 2818 de
1353 2782 1391 2818 me
1402 2769 1526 2830 loquarts3
1536 2771 1611 2830 atque
1622 2770 1651 2818 ut
1663 2781 1716 2819 cras
1726 2771 1806 2833 prima

182 2864 234 2907 τοις
252 2841 446 2911 ἂπηλλᾶῖτῑῖῡ·
1015 2861 1069 2909 luce
1081 2858 1112 2907 ad
1127 2871 1182 2917 me,
1199 2870 1224 2906 re
1235 2857 1297 2907 bene
1310 2860 1389 2920 gesta,
1407 2857 1502 2916 redeas,
1518 2870 1583 2907 cura.

221 2927 264 2988 H‘.
280 2929 325 2987 Ἐν
339 2920 361 3009 ᾧ
373 2928 400 2986 δέ
415 2930 488 2986 ταῦτ’
501 2928 659 3005 ἐπράττετο,
671 2926 776 3007 ἔτυχεν,
787 2926 830 2986 ἐπί
844 2925 891 2999 τὴν
903 2932 968 2988 Λευ·
1045 2948 1112 2996 Vnt.
1128 2948 1223 2995 interea
1233 2945 1314 2995 Melite
1329 2945 1445 2994 continuo
1459 2946 1526 3007 post,
1542 2958 1618 3006 quam
1631 2958 1645 2995 a
1660 2959 1700 2997 me
1717 2947 1804 2999 discas·

141 3033 168 3072 ⁸⁰
182 3017 283 3088 “simil
298 3017 365 3095 μετὰ
377 3014 424 3086 τὴν
435 3015 501 3096 lid<
512 3040 544 3093 i*t
559 3017 665 3092 θμῑλίαν
678 3017 751 3081 Εὐθὺς
761 3018 796 3082 Εἷς
808 3015 865 3082 τοὺς
875 3016 969 3096 dlidi<
1014 3047 1059 3108 sit,
1071 3048 1249 3098 adolescentem
1267 3061 1309 3097 rus
1324 3047 1355 3096 ad
1377 3047 1512 3109 Leucippen
1532 3047 1614 3109 misit,
1630 3049 1673 3111 qul
1693 3063 1749 3100 eam
1770 3051 1802 3100 ad

181 3106 228 3177 τὴν
244 3107 379 3174 Μελίττην
391 3103 525 3163 νεανίσκον
537 3106 748 3176 ἀποστείλασαν,
761 3104 873 3181 ἐπείγειν
887 3104 968 3177 αὐτὴν

182 3197 216 3260 εἰς
241 3194 287 3261 τὴν
310 3194 450 3265 ἐπάνοδον,
476 3193 557 3269 μηδὲν
587 3193 626 3250 ἔτι
655 3192 780 3269 δεομένην
807 3194 966 3274 φαρμάκων.

181 3283 230 3349 Ὡς
245 3273 288 3339 οῦν
303 3273 364 3352 ἧκεν
378 3272 450 3347 οὗτος
466 3284 501 3347 εἰς
518 3280 577 3347 τοὺς
589 3280 700 3360 άγροθς,
712 3283 913 3358 καταλαμόάνει
924 3280 968 3348 ad<

79 3382 85 3397 '
182 3371 369 3452 θεραπαινίδας
383 3368 511 3440 ζητούσας
525 3369 573 3438 τὴν
591 3369 764 3441 Λευκίππην,
777 3371 822 3427 καί
842 3368 910 3426 πάνυ
925 3392 968 3426 τε·

143 3472 168 3512 3ο
182 3459 363 3540 ταραγμένας·
382 3461 416 3523 ὡς
439 3457 525 3514 δὀὐκ
546 3448 579 3525 ἦν
601 3458 734 3531 οὐδαμοῦ,
757 3457 845 3536 δρόμῳ
867 3455 968 3534 φθάσας
989 3428 992 3489 ί
1016 3444 1170 3507 perturbatas
1182 3446 1338 3506 ostendisset,
1355 3445 1462 3494 maxima
1476 3459 1533 3494 cum
1553 3442 1706 3495 testinatione
1722 3458 1802 3495 maer·

182 3549 325 3624 ἀπήγγειλε
340 3547 370 3602 τὸ
383 3545 498 3618 συμόάν.
522 3543 556 3603 ‘ll
575 3547 598 3603 δ’
611 3549 645 3610 ὡς
658 3546 754 3616 ἤκουσε
768 3544 801 3601 τδι
813 3543 873 3623 περί
884 3546 965 3620 ἐμοῦ,
1013 3544 1246 3606 aus,beraetactum
1260 3546 1417 3596 renuntiavit.
1451 3548 1512 3603 Quae
1527 3559 1566 3594 me
1578 3546 1603 3593 in
1614 3557 1737 3594 carcerem
1746 3557 1800 3595 oon·

181 3639 215 3701 ὥς
232 3635 286 3704 εἴηκ
308 3637 343 3699 εἷς
357 3631 386 3690 τὸ
402 3632 582 3712 δίσμωῖῆρῑθκ
604 3633 758 3710 ἕμόληθῑὶι,
772 3622 828 3690 εἶτα
843 3631 903 3710 περὶ
922 3636 967 3702 aaa
989 3646 991 3657 '
1013 3648 1121 3704 clusum,
1144 3648 1280 3710 Leucippen
1301 3660 1360 3697 vero
1376 3647 1508 3696 abductam
1523 3645 1666 3708 intelligens,
1686 3658 1801 3695 curarum

180 3721 507 3800 ‚aenxteaqqaedqmle
521 3721 641 3796 ἐθέλητον
658 3721 821 3798 νὲθθςαῦῖῦί
835 3721 967 3798 κατελύθη
1013 3747 1077 3797 mole
1097 3746 1185 3797 obruta
1200 3751 1246 3796 est.
1279 3752 1315 3797 Ac
1335 3758 1475 3808 quanquam
1492 3758 1557 3805 rem,
1581 3743 1660 3794 alise
1684 3743 1801 3805 baberet,

182 3813 278 3884 λύπης.
323 3812 377 3870 Καὶ
392 3810 421 3867 τὸ
441 3811 489 3886 μὲν
506 3813 600 3881 ἀληθὲς
613 3813 659 3869 οῦκ
676 3801 745 3889 εἶχεν
757 3809 849 3888 εὑρεῖν,
866 3809 967 3866 ὑπενόει

141 3907 167 3946 ⁴⁰
182 3901 208 3960 δέ
226 3902 269 3958 τὸν
284 3899 435 3971 Σωσθένην.
480 3897 632 3975 Βουλομένη
649 3897 676 3956 δὲ
691 3895 804 3977 ρανερδιν
827 3901 906 3968 αὐτῆς
919 3897 966 3968 τὴν

181 3989 288 4060 ζήτησιν
302 3989 463 4058 ποιήσασθαι
480 3990 522 4046 διὰ
537 3994 583 4047 τοῦ
600 3987 786 4067 Θερσάνδρου,
804 3985 900 4065 τέχνην
919 3987 967 4044 λό-

180 4101 233 4154 γων
249 4075 406 4148 ἐπενόησεν,
424 4074 481 4146 ἥτις
500 4076 664 4154 μεμιγμένην
686 4066 743 4153 εἶχε
759 4077 797 4155 τῷ
822 4073 964 4153 σορίσματι

181 4163 228 4236 τὴν
244 4164 379 4235 ἀλήθειαν.
1012 4158 1062 4204 tem
1077 4154 1233 4215 continebat,
1249 4154 1376 4204 artificiose
1391 4152 1523 4201 admodum
1538 4151 1694 4214 excogitavit.

222 4254 267 4315 θ’.
292 4252 369 4310 Ἐπεί
384 4250 434 4330 γδιρ
452 4256 465 4309 ὁ
487 4251 653 4330 Θέρσανδρος
672 4249 794 4307 εἰσελθὼν
815 4252 851 4315 εἰς
865 4247 912 4318 τὴν
926 4251 967 4305 oi·
1044 4256 1084 4303 tlt.
1098 4257 1160 4304 itam
1173 4268 1229 4310 cum
1242 4254 1281 4303 ille
1294 4254 1394 4302 domum
1408 4251 1632 4313 reversam,itemm
1641 4248 1801 4311 exclamaret,

141 4353 168 4394 ⁴⁶
181 4343 240 4402 κῖαν
262 4342 325 4401 ἒθόκ
341 4341 433 4413 πάλιν,
449 4340 502 4399 Τὸν
517 4340 609 4419 μοιχὸν
624 4338 764 4418 ἐξέκλεψας
782 4338 823 4396 σύ·
841 4336 901 4414 (σὺ)
916 4340 967 4394 τῶν
1013 4355 1050 4402 t'u
1065 4352 1189 4402 mmcbum
1211 4352 1335 4414 eripuisti,
1350 4353 1376 4400 tu
1393 4364 1406 4399 e
1426 4350 1529 4399 vinculis
1547 4347 1674 4408 exemisti,
1686 4349 1715 4398 tu
1727 4347 1803 4397 domo

182 4432 284 4508 8⁸⁶l²s5⁹
300 4430 421 4498 titanae<
443 4429 488 4487 καὶ
509 4432 553 4496 τῆς
568 4427 650 4493 οἰκίας
665 4426 861 4495 ammom?
874 4425 919 4484 σὺν
938 4424 967 4483 τὸ
1014 4454 1114 4504 emisisti
1130 4469 1137 4502 ι
1151 4457 1223 4504 tuum
1236 4454 1282 4503 ime
1298 4455 1404 4511 tactum;
1417 4464 1460 4500 cur
1475 4463 1524 4499 non
1537 4450 1610 4512 igitur
1626 4449 1698 4497 illum
1710 4460 1802 4510 seque·

181 4519 267 4598 eppo·
280 4520 305 4578 τί
317 4510 362 4578 ⁰3⁹
378 4520 426 4576 οὐχ
443 4517 592 4588 θίοθούθεῑί
608 4516 699 4596 «ch
716 4515 741 4571 τί
756 4515 777 4573 δ’
794 4518 904 4572 ἐνταῦθα
920 4512 967 4592 μέ·
1014 4549 1064 4598 ria?
1082 4548 1145 4607 Quid
1158 4549 1198 4597 bic
1215 4547 1335 4596 moraris?
1350 4546 1407 4608 quin
1425 4544 1454 4592 ad
1470 4545 1602 4592 amatorem
1618 4544 1690 4591 tuum
1704 4541 1803 4604 protici-

181 4629 247 4678 νεις;
263 4611 320 4666 ἀλλ’
335 4611 381 4667 οὐκ
394 4605 455 4663 άπει
474 4604 537 4683 πρὸς
551 4604 594 4661 τὸν
613 4601 751 4680 ἐρώμενον,
766 4599 799 4658 ἵν’
815 4601 892 4659 αὐτὸν
911 4601 968 4681 ἴδῃς

182 4697 363 4773 στερρωτέρσις
387 4696 491 4768 δεσμοῖς
515 4690 700 4768 δεδεμένον;ἠ
725 4690 861 4761 atellam,
886 4692 967 4749 Ποῖον

142 4794 168 4834 5⁰
183 4782 288 4859 μοιχόν,
309 4782 368 4860 ἔφη.
412 4782 448 4843 Τί
466 4780 590 4860 πάσχεις,
612 4782 645 4839 Ei
659 4778 709 4857 γὰρ
731 4781 828 4849 θελεις,
843 4779 890 4846 τὴν
915 4802 967 4853 μα-

182 4871 238 4927 νίαν
253 4869 341 4949 άρεὶς,
356 4874 465 4929 ἀκοῦσαι
481 4872 510 4929 τὸ
522 4879 587 4945 πᾶν,
602 4869 709 4946 μαθήσῃ
726 4867 819 4947 ῥᾳδίως
837 4866 883 4936 τὴν
902 4866 966 4936 aller]-

182 4966 263 5018 θειαν.
307 4958 357 5017 Ἓν
370 4950 412 5015 οῦν
428 4983 474 5018 σου
490 4958 595 5034 δέομαι,
613 4962 688 5033 γενοῦ
704 4981 748 5032 μοι
764 4952 890 5024 δικαστὴς
901 4954 966 5032 ἶσος,

182 5047 227 5107 καὶ
241 5047 357 5125 καθήρας
375 5047 421 5121 μέν
437 5071 482 5103 σου
501 5048 533 5104 ed
548 5037 604 5104 dre
622 5050 669 5118 τῆς
691 5045 826 5115 διαθολῆς,
847 5042 966 5101 ἓκόαλὼν
1012 5060 1087 5107 rogo,
1100 5057 1198 5106 aequum
1213 5045 1237 5092 te
1249 5043 1307 5091 mild
1316 5042 1422 5103 judicem
1433 5042 1530 5104 prebe:
1544 5040 1694 5100 auribusque
1705 5035 1804 5085 calum

183 5136 209 5195 δὲ
225 5141 270 5208 τῆς
284 5133 392 5212 καρδίας
408 5133 456 5204 τὴν
472 5135 562 5212 ὀργὴν,
580 5135 623 5192 τὸν
640 5135 667 5193 δὲ
681 5133 806 5212 λογισμὸν
821 5131 966 5203 ἐπιστήσας
1012 5142 1051 5188 uia
1065 5139 1162 5200 vacula,
1173 5151 1202 5186 ac
1214 5137 1286 5186 corde
1298 5138 1391 5187 remota
1401 5137 1436 5184 ira
1447 5136 1546 5197 ejusque
1557 5137 1581 5183 in
1591 5134 1671 5183 locum
1679 5128 1803 5181 namen

1014 3146 1174 3197 reversionem
1190 3150 1298 3211 urgeret,
1322 3146 1394 3195 nullis
1410 3145 1512 3212 amplius
1533 3146 1669 3209 pharmacis
1679 3161 1742 3211 opus
1753 3163 1804 3198 asse

1014 3248 1136 3297 nuntians.
1170 3249 1215 3298 tlte
1233 3248 1315 3297 statim
1336 3248 1475 3309 protectus,
1495 3259 1551 3295 cum
1575 3247 1675 3296 ancillas
1697 3248 1802 3311 puellam

1013 3348 1162 3407 quaerentes,
1175 3359 1204 3394 ac
1213 3348 1352 3408 propterea,
1366 3344 1431 3407 quod
1442 3358 1563 3407 nusquam
1572 3344 1720 3408 apparebat,
1734 3346 1802 3397 ratde

1013 3853 1080 3901 certo
1091 3852 1152 3901 scire
1167 3865 1215 3901 non
1230 3853 1339 3914 poterat,
1353 3851 1448 3913 culpam
1462 3851 1544 3898 tamen
1555 3859 1653 3899 omnem
1670 3848 1694 3897 iu
1706 3848 1802 3899 sosthe·

1013 3965 1069 4000 nem
1081 3952 1214 4013 rejiciebat.
1233 3951 1371 4013 Leucippen
1383 3951 1464 4013 itaque
1477 3948 1555 4011 palam
1567 3947 1677 4010 perquiri
1692 3947 1773 3997 voluit
1787 3960 1803 3996 a

988 4086 991 4091 ·
1013 4055 1181 4115 Tlaersandro,
1192 4067 1344 4114 sermonem,
1355 4054 1396 4115 qni
1412 4051 1553 4113 ambagibus
1564 4050 1699 4100 inuolutam
1711 4050 1801 4101 ruita-

1013 4643 1099 4702 sceris,
1116 4645 1143 4691 ut
1157 4641 1302 4691 arctioribus
1322 4652 1378 4689 eum
1406 4638 1497 4688 catenis
1520 4637 1678 4687 constrictum
1702 4635 1804 4686 ridens?

1013 4746 1075 4792 Tum
1087 4742 1177 4800 Melite,
1189 4742 1339 4800 Quemnam,
1350 4739 1438 4802 inquit,
1448 4739 1505 4787 milri
1517 4738 1657 4787 adulterum
1670 4735 1804 4787 nominas?

988 4880 991 4901 .
1014 4847 1122 4893 Sanusne
1134 4846 1178 4891 es?
1192 4844 1229 4891 Tu
1244 4840 1263 4888 si
1277 4854 1328 4889 rem
1340 4854 1452 4901 omnem,
1465 4840 1545 4888 lurore
1555 4837 1708 4901 posttrabitp,
1718 4836 1804 4886 audire

1013 4945 1133 5004 colueris,
1150 4944 1278 4994 veritatem
1300 4944 1369 4993 tacite
1389 4955 1526 5003 cognoscas.
1561 4944 1642 4990 tinum
1659 4939 1758 4988 tautum
1779 4941 1804 4988 te
