3726 5692
62 3588 64 3593 ,
165 3555 176 3578 ιι
198 3529 295 3584 ἐκεῖθεν
316 3525 473 3604 ἀπαίρουσι,
491 3521 701 3581 κατεπιτίθενταί
723 3545 774 3578 τινι
803 3524 945 3604 πολιχνίῳ,

178 308 234 360 592

172 458 185 483 s
208 429 461 510 δουλογραφούμενος
475 430 562 510 ἔρωτι·
587 435 604 502 ἡ
627 432 648 488 δ’
668 432 726 489 ἀλλ’
741 433 795 490 οὐδ’
817 433 882 505 αὐτὴ
907 432 952 490 καὶ

172 546 184 572 ιι
207 526 260 601 πῦρ
275 521 320 578 καὶ
343 520 435 599 πτερὸν
457 518 503 576 καὶ
518 519 589 586 τόξον
609 519 729 599 ἐξέφυγεν
750 519 884 602 Ἔρωτος,
907 521 953 578 καί

172 636 183 659 ιι
206 611 328 684 γλῶσσαν
362 608 428 687 ἐμὴν
459 611 681 686 πιθανολογοῦσαν
712 608 760 669 ὅσα
787 609 953 670 παιδεύουσιν

173 726 183 751 ιι
207 695 335 779 Ἔρωτες.
666 696 673 711 ’

144 807 158 844 α
210 808 233 846 s.
256 783 376 865 «Ἥρων
396 775 440 844 οῦν
453 782 598 861 Ὑσμίνης,
613 787 636 843 εἰ
661 786 684 842 δ’
699 783 868 865 ἀντηρώμην,
886 786 952 860 αὕτη

171 903 183 928 ι
205 875 314 953 λεγέτω.
334 874 388 934 Καὶ
405 873 449 931 τὸν
470 872 555 950 γαίμον
576 873 700 942 ἀλλήλοις
722 873 952 951 έμνηστευύμιθα,

205 963 232 1022 ιι
252 963 347 1044 sirpe
364 962 444 1020 οιιιιι
468 959 544 1026 esen
564 961 696 1040 (ιιριςιοιι
711 960 762 1041 γὰρ
776 961 905 1037 manoe)
924 964 952 1019 ιι

172 1080 182 1103 ι
206 1051 408 1131 συνεχωρούμην
423 1054 456 1129 τῇ
469 1048 543 1130 κόρη.
560 1048 700 1120 Σωσθένης
721 1040 805 1121 ούτος,
823 1055 836 1109 δ
857 1049 953 1120 ταύτης

172 1167 184 1191 ι
206 1139 307 1219 πατὴρ,
320 1141 346 1197 ἐν
363 1138 431 1216 μέση
446 1137 562 1216 τραπέζῃ
578 1135 623 1192 καὶ
643 1136 739 1217 δείπνῳ
749 1137 887 1195 πολυτελεῖ
905 1137 953 1213 γά·
973 1187 978 1218 ,
1001 1166 1014 1190 ιι

150 1251 156 1281 ,ι
171 1257 183 1280 ι
205 1252 253 1305 μον
268 1229 354 1309 ἕτερον
369 1226 493 1302 κηρύσσει
507 1229 554 1295 τῆς
572 1223 719 1304 θυγατρὸς,
737 1225 765 1286 θν
776 1223 808 1296 δὴ
824 1228 953 1302 ζητοῦμεν
974 1235 978 1259 ⁵
1001 1255 1013 1278 ιι

171 1342 182 1364 ι
205 1317 311 1394 φυγεῖν,
328 1313 373 1373 καί
386 1318 420 1392 τῇ
438 1316 505 1392 φυγῇ
521 1314 698 1393 καθυπηρετεῖ
715 1313 893 1393 Κρατισθένης
907 1312 952 1371 καί
1000 1343 1012 1366 ιι

171 1429 182 1453 ιι
203 1408 277 1476 ναῦς,
290 1395 321 1474 ἧς
336 1400 489 1474 ἐπιύύντες,
499 1404 546 1471 τῆς
561 1403 626 1476 ἐμῆς
638 1400 775 1479 ἅπέύημεν
792 1400 952 1482 Εὐρυκώμι-

171 1516 182 1540 ιι
205 1492 255 1555 δας.
283 1490 402 1570 Εθφύρου
416 1488 581 1568 τυγχάνομεν
592 1488 757 1568 πνεύματος,
769 1489 814 1550 καί
824 1490 951 1572 χαίρομεν

170 1604 182 1628 ιι
204 1577 351 1657 φεύγοντες.

209 1694 221 1718 ιι
238 1687 260 1727 7.
283 1667 447 1748 Ἀλλδικυκᾷ
468 1665 516 1738 τὴν
532 1665 665 1727 θάλασσαν
682 1669 827 1738 Ποσειδῶν,
845 1667 891 1727 icc
906 1666 951 1725 καί

169 1782 182 1807 ιι
203 1753 287 1835 ὄρεσιν
302 1756 394 1835 ἐγείρει
408 1756 441 1813 τὰ
456 1754 581 1832 κύματα,
602 1755 649 1828 τήν
663 1761 726 1813 ναῦν
741 1757 889 1815 καταδῦσαι
909 1780 951 1835 φι-

169 1870 181 1895 s
202 1844 332 1916 λονεικεῑ,
353 1843 448 1924 λύτρον
465 1847 479 1902 θ
504 1842 665 1923 κυῦερνήτης
681 1848 790 1914 τυθῆναι
804 1847 949 1919 νομοθετεῖ.

170 1959 181 1984 ιι
204 1934 382 2013 Κληρούμεθα
397 1937 489 2006 τοῦτο,
509 1931 553 1989 καὶ
571 1924 603 2003 ήν
618 1936 631 1990 ὁ
644 1935 748 2010 κλῆρος,
764 1937 812 2013 φεῦ
829 1933 892 1994 ιέπλ
902 1931 951 2003 τὴν

169 2054 180 2076 ιι
203 2025 333 2102 Ὑσμίνην
348 2024 446 2086 πεσών·
461 2026 662 2104 έκσφενδονᾶται
678 2025 763 2084 τοίνυν
779 2026 822 2086 ἐπὶ
841 2026 890 2099 τὴν
905 2029 950 2086 θοί-

129 2131 180 2172 to«
202 2118 304 2175 λασσαν
314 2163 321 2189 ,
332 2115 378 2174 καί
390 2114 516 2188 νηνεμίαν
531 2114 604 2179 εὐθὺς
622 2120 655 2192 τῇ
669 2114 787 2195 θαλάσση
801 2114 948 2196 χαρίζεται.

170 2230 182 2255 ιι
205 2203 244 2262 Τὸ
264 2202 286 2260 δ’
300 2202 405 2281 ἐφεξῆς,
421 2201 579 2261 ἀναύιοῦσαν
592 2201 689 2272 ταύτην
704 2204 771 2279 δρῶ,
783 2207 839 2268 πῶς
854 2203 888 2273 δ’,
904 2205 951 2261 οὐκ

169 2317 181 2342 ιι
204 2281 278 2359 οἶδα,
292 2291 324 2360 νὴ
338 2290 368 2347 τὸ
385 2289 492 2370 φρικτὸν
509 2291 594 2347 έκεῖνο
614 2288 764 2360 κλυδώνιον,
785 2289 815 2359 νὴ
837 2290 880 2349 τὸν
896 2292 950 2349 Πο-

172 2404 184 2430 ιι
208 2379 335 2451 σειδῶνα,
361 2377 406 2434 καί
426 2377 473 2448 τήν
486 2376 580 2454 πικρδιν
603 2377 730 2447 δουλείαν,
752 2375 783 2447 νὴ
798 2375 842 2434 τὸν
857 2379 949 2434 Ἀπολ·

169 2492 182 2520 ιι
204 2469 287 2540 λωνα,
302 2464 388 2523 καὶτὸ
399 2464 814 2544 τῆςἑλευθερίαςγλυκύ.Ἐγὼδ’
827 2464 890 2537 ὅλην
902 2466 949 2538 τήν

127 2578 181 2618 2⁶«
202 2559 265 2612 ναῦν
293 2552 517 2619 κατεκύκωνιτοῐς
540 2555 677 2630 ὀδυρμοῖς,
700 2554 818 2620 καὶτοῖς
839 2554 950 2633 δάκρυσι

168 2669 180 2694 ιι
204 2641 411 2710 κατεπέκλυζον·
437 2646 452 2702 i
478 2641 514 2717 μὴ
544 2642 628 2720 φέρων
654 2646 668 2699 θ
694 2641 857 2722 κυύερνήτης
888 2643 950 2717 μηδ’

168 2762 179 2784 ιι
201 2732 261 2790 ilos
277 2730 308 2789 τὸ
322 2728 459 2802 ναυτικδν,
486 2730 630 2806 μετάγουσι
642 2731 702 2809 περὶ
717 2730 765 2804 τήν
787 2732 898 2811 ψάμμον
920 2733 949 2790 τὸ

167 2846 179 2870 ιι
203 2817 317 2897 σκύφος,
333 2815 379 2875 καί
391 2840 425 2893 με
438 2820 484 2886 τῆς
499 2813 563 2883 νεὼς
580 2818 755 2878 ἀποτίθενται.
773 2816 856 2896 Κάγώ
870 2819 902 2890 δ’,
916 2823 949 2885 ώς

167 2933 181 2960 α
202 2909 229 2964 ἐν
239 2904 351 2987 κενηρίῳ
365 2909 397 2984 τῇ
413 2904 534 2986 ψάμμῳ,
550 2904 596 2972 τδις
609 2908 661 2964 τῶν
678 2905 797 2986 δακρύων
814 2903 880 2986 χοδις
897 2930 947 2966 κα·

126 3016 152 3055 ao
167 3024 178 3047 ιι
199 2993 378 3071 τεσπενδόμην
390 2999 423 3073 τῇ
436 2994 512 3073 κόρη.

206 3113 217 3135 ι
239 3107 264 3144 a.
282 3085 336 3142 liet
355 3083 464 3163 τριήρης
477 3081 571 3162 αἴφνης
590 3081 742 3164 ἐφίσταται,
760 3082 865 3164 πλήρης
881 3087 948 3164 βαρ·

167 3201 178 3224 ιι
201 3172 289 3253 ῦοίρων
306 3171 403 3251 αἰγρίων
425 3173 534 3250 ἀνδρῶν,
551 3167 576 3227 οἳ
593 3169 662 3229 κατὰ
675 3175 756 3251 θῆρας
777 3173 885 3241 ἀπηνῶς
902 3196 948 3248 μοι

166 3289 177 3313 ιι
200 3260 428 3330 κατεπιτίθενται,
450 3260 546 3336 ἀγρίοις
568 3261 653 3317 αὐτῶν
673 3259 827 3339 ε’φέλκονταί
847 3284 880 3335 με
896 3264 947 3318 τῶν

169 3379 180 3402 ιι
205 3353 313 3430 τριχῶν,
330 3350 463 3424 εἰσάγουσι
486 3348 545 3428 περὶ
564 3346 612 3418 τήν
630 3348 740 3426 τριήρη,
759 3348 805 3405 καί
820 3353 852 3425 τῇ
870 3349 946 3427 κώπη

124 3459 176 3497 aa«
199 3437 418 3516 παρακαθίζουσι.
464 3433 518 3496 Καί
551 3433 618 3511 μετὰ
647 3437 747 3493 δεῖπνον
786 3434 946 3516 βαρύαρικὸν

167 3644 179 3667 ι
204 3621 279 3672 τοῦτο
304 3612 519 3683 καταληίζονται,
544 3609 589 3667 καλ
618 3608 719 3668 σκύλων
747 3611 877 3686 πληροῦσι
899 3612 946 3682 τήν

163 3732 176 3758 ι
203 3709 275 3760 ναῦν·
289 3701 347 3768 τοῦς
363 3700 410 3776 μὲν
430 3691 473 3758 οῦν
487 3698 519 3768 δὴ
541 3699 692 3764 νεανίσκους
709 3701 767 3764 ταῖς
781 3697 883 3768 κώπαις
895 3723 946 3760 πα-

751 310 757 321 ·
785 301 993 361 ΕΥΜΑΘΙΟΥ
1015 303 1111 362 itinn.
1134 301 1184 364 ln.

1573 306 1619 384 n-
1643 306 1786 388 ιιι-ιιι

1001 461 1015 486 ιι
1032 443 1088 492 dem
1103 443 1179 505 redii;
1196 443 1238 494 sed
1257 457 1334 506 neque
1350 444 1391 494 illa
1403 458 1492 508 pennas
1512 445 1640 508 ignemque
1652 450 1678 498 et
1697 450 1786 498 Amoris

1005 574 1017 598 ιι
1033 568 1117 603 arcum
1130 569 1159 604 ac
1170 555 1276 618 linguam
1290 560 1404 617 preterea
1414 571 1493 606 mmm
1506 559 1615 620 singnis.
1631 572 1688 621 quse
1703 560 1786 611 donent

1003 689 1015 712 ιι
1032 674 1145 730 Amores,
1158 670 1188 720 ad
1201 674 1381 735 persuasionem
1396 677 1451 735 apte
1461 673 1582 724 dicentem
1597 675 1696 738 elingit

1035 801 1058 842 6.
1077 812 1089 837 ιι
1103 793 1220 843 Amabam
1237 795 1310 857 igitur
1328 795 1447 858 puellam,
1464 809 1494 844 an
1506 797 1597 859 pariter
1609 802 1725 856 amatus,
1739 799 1786 858 ipsa

1001 901 1013 924 ιι
1031 882 1103 930 dicat.
1135 881 1182 932 sad
1192 885 1280 945 etpost
1292 884 1389 944 nuptias
1399 883 1461 933 inter
1472 897 1516 933 uos
1529 884 1679 947 conciliatas,
1695 886 1781 935 robus·

1002 989 1015 1013 ιι
1032 974 1081 1019 lam
1094 972 1242 1035 voluptatem
1254 973 1328 1027 mini,
1346 973 1381 1021 uti
1393 985 1477 1022 rerum
1486 972 1566 1023 dicam
1576 1009 1584 1035 ,
1596 974 1726 1036 subripere
1741 987 1782 1023 ro·

1001 1078 1014 1102 ι
1031 1059 1103 1117 lenti,
1125 1073 1167 1122 per
1187 1062 1319 1122 ilysminen
1342 1074 1389 1108 nnn
1405 1060 1481 1110 licuit.
1515 1063 1578 1110 Dum
1599 1061 1653 1111 baec
1670 1065 1784 1124 aguntur,

1031 1148 1159 1198 sosthenes
1168 1149 1221 1209 iste,
1232 1149 1329 1209 virginis
1340 1154 1415 1210 pater,
1423 1149 1584 1199 mediasinter
1592 1151 1705 1213 opipare:
1714 1163 1786 1201 smus

1030 1235 1128 1284 delicias
1144 1236 1323 1285 matrimonium
1344 1235 1408 1286 aliud
1427 1237 1482 1287 filiae
1494 1238 1602 1298 nuntiat,
1613 1238 1683 1300 quod
1698 1252 1742 1288 nos
1752 1242 1785 1289 lu·

1030 1337 1086 1386 gere
1094 1328 1223 1384 tentamus,
1235 1331 1259 1374 et
1270 1324 1299 1374 ad
1309 1327 1388 1386 lugam
1398 1325 1562 1375 instruendam
1572 1327 1643 1375 nobis
1656 1328 1785 1378 Cratistbe·

1000 1430 1012 1455 ιι
1029 1425 1073 1462 nes
1086 1415 1218 1474 succurrit,
1234 1417 1258 1463 et
1271 1416 1352 1471 uaris.
1372 1427 1445 1476 qnam
1457 1414 1647 1464 conscendentes
1659 1430 1693 1465 ear
1713 1420 1784 1478 enrr-

1001 1517 1013 1540 ιι
1030 1499 1125 1548 coruide
1138 1498 1298 1549 discessimus.
1332 1501 1390 1549 bion
1405 1500 1508 1551 adllanie
1519 1501 1628 1551 secundo
1640 1509 1725 1565 rento,
1742 1504 1784 1553 laeti

1000 1606 1012 1631 ιι
1029 1586 1140 1649 lngimns.

1029 1680 1052 1726 7.
1072 1695 1084 1718 ιι
1109 1679 1140 1724 At
1164 1676 1245 1726 subito
1265 1690 1331 1726 mare
1350 1677 1479 1726 conturbat
1497 1680 1625 1740 Neptunus
1650 1682 1677 1728 et
1704 1693 1784 1730 narem

999 1799 1012 1823 ιι
1028 1779 1181 1842 submergere
1192 1778 1300 1840 enititur,
1310 1784 1335 1830 et
1347 1782 1533 1844 victimamque
1542 1787 1645 1832 caeteros
1660 1783 1783 1833 redimeret

1000 1897 1012 1921 ιι
1029 1876 1074 1926 den
1086 1877 1266 1928 sacrificandam
1285 1887 1337 1928 ease
1354 1878 1499 1940 gubernator
1517 1878 1602 1928 edixit.
1625 1880 1696 1929 lllana
1717 1882 1782 1931 sorti·

999 1996 1010 2018 ιι
1029 1989 1093 2036 mur,
1106 1979 1130 2026 et
1137 1976 1222 2025 cecidit
1228 1989 1300 2037 snper
1310 1977 1440 2038 iiysmiuen
1451 1990 1512 2038 sors,
1524 1991 1581 2039 quae
1591 1978 1675 2028 statim
1686 1979 1712 2029 in
1721 1993 1781 2029 mare

998 2093 1010 2117 ιι
1029 2086 1135 2137 preeceps
1151 2073 1279 2123 deturbata
1298 2072 1492 2136 tranquillitatem
1513 2076 1585 2125 undis
1609 2077 1722 2128 reddidit.
1749 2083 1780 2129 tie

999 2194 1011 2217 ι
1028 2175 1137 2234 caeteris,
1155 2188 1210 2238 quae
1221 2173 1371 2237 subsequuta
1392 2181 1463 2234 sont,
1482 2175 1604 2226 virentem
1620 2191 1707 2229 rursus
1720 2180 1778 2229 iliam

999 2295 1011 2319 ι
1027 2276 1145 2338 adspicio,
1161 2275 1203 2326 sed
1222 2289 1270 2339 qua
1283 2275 1387 2336 ratione,
1406 2289 1449 2338 per
1459 2277 1592 2328 timendam
1610 2280 1679 2331 illam
1691 2284 1776 2344 tempe·

999 2400 1012 2423 ιι
1028 2382 1115 2430 statem
1145 2383 1333 2442 Neptunumque
1360 2385 1386 2429 et
1409 2381 1521 2431 acerbam
1557 2384 1719 2447 servitutem,
1740 2400 1775 2448 per

998 2506 1010 2529 ιι
1028 2487 1142 2548 Apollinis
1154 2487 1227 2550 ipsius
1240 2500 1328 2536 numen
1344 2490 1369 2537 et
1381 2487 1497 2538 libertatis
1518 2489 1683 2554 dulcedinem,
1693 2493 1772 2555 ipson.

998 2608 1010 2631 ιι
1028 2590 1062 2636 At
1077 2601 1120 2650 ego
1134 2589 1210 2638 totam
1223 2589 1313 2638 interea
1333 2601 1420 2638 narem
1433 2589 1522 2640 infelici
1538 2592 1667 2642 turbabam
1679 2596 1769 2656 gemitu,

998 2709 1010 2733 ιι
1029 2690 1188 2753 lacrymisque
1202 2689 1365 2753 inundabam;
1383 2691 1447 2754 quod
1464 2704 1512 2740 non
1525 2691 1605 2741 lenens
1623 2707 1680 2744 curn
1691 2697 1768 2757 reliqua

998 2807 1009 2831 ιι
1027 2792 1154 2838 nautarum
1167 2788 1236 2838 turbu
1244 2788 1398 2851 gubernator,
1405 2788 1505 2851 appulsa
1514 2789 1544 2837 ad
1553 2789 1623 2840 littus
1631 2792 1764 2854 scapique

998 2906 1010 2930 ιι
1027 2900 1088 2936 nare
1104 2888 1244 2937 exonerant
1281 2886 1315 2936 lbi
1328 2886 1353 2934 in
1369 2898 1450 2947 arena,
1469 2885 1534 2936 reiut
1553 2888 1579 2936 in
1589 2900 1667 2940 racno
1678 2890 1764 2947 ιιαιαιι,

997 3011 1009 3035 ι
1025 2991 1110 3042 ferales
1124 2990 1282 3052 lacrymarum
1295 2989 1390 3040 inferias
1405 2991 1491 3053 puellm
1511 2991 1626 3044 libabam.

1026 3099 1050 3145 ι.
1069 3112 1081 3136 ιι
1092 3096 1123 3142 ιιι
1134 3106 1173 3143 me
1181 3093 1262 3142 subito
1271 3092 1374 3142 triremis
1381 3093 1550 3153 superueniens
1562 3092 1671 3143 barbaris
1679 3094 1762 3144 nomin.

996 3227 1008 3250 ι
1027 3205 1072 3255 bus
1084 3204 1262 3268 plenainvasit‚
1273 3209 1297 3253 et
1307 3204 1382 3253 lerino
1392 3217 1491 3266 prorsus
1504 3217 1573 3254 nrore
1582 3205 1761 3268 arreptumcaiui

996 3336 1008 3359 ι
1025 3315 1071 3364 bus
1084 3315 1108 3363 in
1134 3315 1256 3364 triremem
1271 3318 1373 3362 tractum
1388 3312 1419 3362 ad
1442 3326 1521 3363 remos
1533 3313 1689 3364 collocanrnt
1704 3316 1759 3370 lior,

996 3445 1008 3468 ιι
1025 3425 1093 3473 finito
1111 3422 1236 3472 barbarico
1261 3421 1377 3485 prandio,
1399 3422 1454 3472 inde
1478 3423 1616 3482 solventes,
1638 3422 1758 3488 oppidulnn

996 3556 1008 3578 ιι
1025 3531 1755 3598 qrrnddaminvadunr,er,iilodirepin,naremspoliisiruntut

995 3665 1007 3688 ιι
1024 3645 1153 3706 iuvenibus
1162 3642 1193 3692 ad
1205 3655 1284 3692 remos
1300 3641 1381 3691 sedere
1400 3642 1488 3703 jussis,
1505 3645 1606 3693 ceteros
1622 3641 1754 3706 provectiori

995 3777 1007 3802 ι
1025 3756 1105 3806 relatis
1117 3759 1143 3805 et
1157 3754 1245 3805 exoleti
1256 3753 1321 3801 lloris
1333 3753 1426 3801 occisos
1438 3753 1462 3800 in
1476 3765 1542 3802 mara
1555 3756 1689 3817 precipites
1695 3753 1750 3807 ιιιαις

163 3819 175 3844 ι
199 3792 382 3870 ρακαθίζουσι,
408 3788 467 3854 τοὺς
499 3789 521 3844 θ’
558 3788 822 3867 ὺπεραναῦεύηκύτας
854 3791 945 3858 αὐτούς

122 3901 149 3939 ιο
164 3909 174 3933 ιι
197 3881 271 3959 ἔργον
289 3879 424 3958 μαχαίρας
439 3879 585 3951 τεθείκασι,
600 3879 644 3937 καὶ
659 3882 692 3957 τῇ
715 3880 836 3958 θαλάσση
849 3904 944 3960 παρα-

163 3999 174 4023 ιι
198 3969 352 4028 δεδώκασιν·
369 3970 415 4026 οὐκ
430 3967 603 4048 εὐαρίθμητον
618 3966 668 4044 γὰρ
687 3968 746 4027 θσον
758 3969 783 4026 έν
803 3968 945 4047 ἀνθρώποις

162 4088 173 4111 ι
195 4063 213 4129 ἡ
236 4057 368 4138 βοίρύαρος
391 4055 450 4134 χείρ
474 4057 504 4114 ἐκ
524 4061 569 4113 τοῦ
591 4057 729 4134 πολιχνίου
755 4056 942 4127 κατεληίσατο·

161 4178 173 4199 ιι
195 4147 256 4206 ὅσον
286 4149 307 4204 δ’
322 4148 349 4202 ἐν
370 4143 504 4223 γυναιξίν,
519 4145 670 4211 ἀκολάστως
694 4144 859 4224 exputionum·
886 4156 945 4214 ταῖς

994 3888 1006 3914 ιι
1024 3864 1379 3918 innumeraetenimlrominum
1389 3863 1528 3924 mullitudo,
1539 3877 1603 3927 quos
1621 3863 1750 3915 bnmnnn

994 3999 1006 4023 ιι
1024 3993 1109 4029 manus
1123 3991 1153 4028 ex
1168 3979 1213 4026 lroc
1232 3975 1347 4039 oppidulo
1367 3975 1496 4036 rapuerat;
1517 3974 1657 4024 mulieribus
1673 3978 1747 4023 surm.

994 4110 1006 4134 ιι
1025 4093 1190 4152 quotcumque
1205 4085 1315 4143 luerunt,
1329 4083 1359 4131 ad
1380 4082 1505 4131 libidinum
1522 4096 1621 4132 suarum
1639 4074 1745 4144 smmis

161 4267 173 4290 ιι
195 4234 332 4317 παρθένοις
346 4234 397 4314 γδρ
412 4233 469 4292 οὐδὲ
490 4233 581 4313 μέχρις
601 4234 668 4314 ἁφῆς
685 4234 854 4313 βαρύαρικῶς
868 4237 941 4293 ἐνεα-

119 4353 172 4391 ςςι
196 4325 340 4384 νιεύσαντο.

200 4442 211 4466 ιι
234 4436 255 4474 s.
268 4415 321 4474 Καὶ
333 4411 401 4472 ούτω
411 4410 523 4489 περλτὴν
535 4410 697 4490 Ἀρτύκωμιν
704 4411 855 4488 ἐγενόμεθα,
863 4413 942 4471 καὶτὸ

160 4533 171 4556 ιι
194 4503 327 4584 βάρθαρον
335 4500 574 4582 βαρθαρικαίςτινας
583 4502 697 4569 σπονδὰς
707 4502 847 4560 ἐσπείσατο
855 4509 908 4567 τοῖς
916 4501 942 4570 ἐξ

160 4620 171 4642 ιι
193 4593 393 4672 Ἀρτυκώμιδος·
409 4590 453 4648 καὶ
463 4588 530 4647 ούτω
541 4589 610 4658 πλὴν
618 4589 761 4668 ἀνθρώπιον
773 4598 824 4646 πᾶν
838 4589 942 4668 ε’ξερορ-

159 4706 170 4732 ιι
192 4681 262 4752 τώθη
275 4681 305 4737 τὸ
319 4677 435 4750 ληῖσθέν·
450 4678 480 4736 τὸ
496 4677 543 4752 μέν
557 4667 601 4733 οῦν
613 4680 638 4734 ἐν
654 4676 790 4756 παρθένοις
805 4675 831 4744 ἐξ
846 4677 941 4757 ἀνθρώ·

118 4791 145 4830 ao
160 4797 172 4819 ιι
193 4793 250 4827 πων
264 4774 339 4847 ήμῶν
357 4766 554 4847 ήργυρολογήθη
570 4767 687 4839 πολλῆς,
709 4767 833 4845 πρότερον
848 4769 882 4842 τῇ
895 4770 940 4835 τῆς

157 4885 170 4911 ιι
192 4857 340 4938 Ἀρτέμιδος
351 4856 548 4933 ε’μθεθλημένον
563 4860 649 4933 πηγῇ,
662 4859 744 4933 ἡμῶν,
754 4857 781 4913 δὲ
797 4855 939 4914 νεανίσκων

158 4975 171 4998 ιι
193 4947 239 5003 καὶ
251 4948 379 5023 γυναικῶν
389 4945 464 5021 λόγος
476 4942 557 5009 οὐδεὶς
566 4951 620 5010 τοὶς
633 4945 659 5010 ἐξ
672 4941 873 5020 Ἀρτυκώμιδος.
888 4943 941 5003 Καί

157 5064 168 5086 ι
191 5032 269 5092 πάλιν
283 5038 300 5102 i,
322 5034 429 5112 τριήρης
444 5022 515 5111 εἶχεν
535 5037 622 5106 ἡμᾶς,
644 5032 676 5103 ήν
697 5029 822 5098 λύσαντες
839 5038 884 5090 τοῦ
899 5035 939 5089 λι·
990 5053 1000 5074 ‘¹

159 5153 170 5174 ι
195 5120 270 5201 μένος
281 5120 415 5199 ἐξάγομεν,
430 5122 474 5179 καὶ
489 5120 553 5200 πρὸς
568 5122 661 5196 λιμένα
681 5121 829 5197 μετάγομεν
842 5120 939 5200 ἕτερον,
988 5148 999 5170 ιι

992 4220 1004 4243 ιι
1021 4202 1097 4259 suut;
1114 4210 1169 4246 narn
1182 4195 1296 4243 adsersus
1308 4193 1411 4253 virgines
1424 4205 1455 4242 ne
1466 4194 1534 4242 tactu
1556 4193 1665 4256 quidem,
1682 4189 1710 4238 nli
1722 4183 1741 4234 t

992 4329 1004 4354 ιι
1021 4306 1129 4358 barbaris
1138 4304 1253 4368 suspicari
1268 4306 1422 4366 promptum,
1432 4302 1565 4353 insolenter
1575 4316 1603 4352 se
1614 4301 1725 4365 gesseram

1020 4424 1044 4469 9.
1063 4438 1075 4460 ιι
1089 4421 1123 4467 lla
1133 4416 1216 4464 urbem
1229 4412 1404 4475 lrtycomidem
1418 4412 1678 4476 centesimumque
1687 4399 1739 4471 picit

991 4544 1002 4566 ιι
1020 4519 1148 4571 barbaricis
1162 4515 1306 4580 quibusdam
1323 4513 1440 4573 induciis,
1452 4527 1539 4563 narem
1559 4514 1679 4570 omnibus,
1692 4512 1736 4568 ol*

990 4646 1002 4669 ι
1019 4636 1114 4686 cunque
1125 4620 1286 4683 diripuerant,
1299 4615 1383 4679 spoliis
1394 4618 1567 4667 exonerarunt.
1582 4603 1734 4678 viennensi·

990 4746 1002 4771 ι
1018 4728 1078 4789 quot
1090 4724 1150 4773 inter
1161 4735 1204 4772 nos
1214 4721 1321 4770 homines
1330 4720 1408 4778 crant,
1417 4717 1501 4767 Dianae
1513 4704 1733 4780 tonuprirnncrellt·

989 4848 1001 4872 ι
1020 4840 1105 4889 magno
1122 4825 1242 4874 distractas
1259 4823 1331 4883 sunt;
1343 4820 1374 4870 de
1390 4819 1459 4869 nobis
1477 4823 1560 4869 aulem
1583 4802 1734 4884 ariolesttlulls

989 4946 1001 4969 ιι
1021 4924 1162 4985 seminisque
1173 4935 1203 4971 ne
1217 4919 1314 4983 quidem
1327 4917 1392 4967 ullus
1409 4916 1574 4979 Artycomidis
1587 4914 1660 4965 incola
1673 4892 1731 4970 qlfl'

1020 5032 1062 5080 vil.
1097 5031 1133 5078 tia
1156 5039 1237 5076 rursus
1253 5024 1343 5075 triremi
1368 5021 1454 5072 redditi
1475 5034 1578 5083 siamus,
1601 5030 1668 5083 qnam
1684 4997 1731 5071 u¹l¹⁰

1018 5129 1071 5182 nost
1082 5126 1187 5176 solutum
1200 5127 1223 5174 et
1239 5121 1369 5176 nlnlnclana
1384 5119 1409 5169 in
1420 5119 1495 5169 aliurn
1513 5121 1611 5183 portum
1620 5102 1732 5180 applicet
1808 5127 1811 5135 ·
