3726 5692
286 307 345 359 coc
755 297 1110 362 rnAErmettctttx.

286 433 395 504 animi
407 431 523 520 dotes,
539 431 722 525 selegerat.
738 430 849 501 Paulo
860 444 945 529 post
958 455 1043 502 cum
1055 455 1096 502 ea
1106 433 1378 531 solviteportu,
1389 460 1539 532 regnum
1549 440 1617 512 sibi

251 648 257 667 ἢ
285 556 435 626 haeredis
445 555 593 625 nomine
607 569 834 652 excepturus.
852 554 922 627 Sed
939 556 1033 626 inter
1050 556 1295 651 navigandum
1308 559 1412 630 enixa
1427 575 1481 632 est
1495 562 1620 636 Archi—
1741 557 1745 562 ’

282 680 419 769 stratis;
447 680 641 775 statimque
664 702 838 776 suspenso
868 703 1044 750 venarum
1061 679 1171 777 pulsu
1187 703 1254 778 per
1274 678 1415 776 frigoris
1438 684 1618 783 intempe-

283 807 392 893 riem,
413 819 545 902 torpet,
562 805 670 899 riget3
687 817 744 893 et,
758 802 859 900 quod
876 805 1033 902 speciem
1047 803 1184 902 praebet
1200 819 1387 896 emortuae,
1412 823 1618 881 emortuam

283 927 442 1018 habent,
462 928 660 1027 sepeliunt;
693 941 801 1024 atque
826 928 1025 1025 projiciunt
1040 930 1076 999 in
1100 953 1200 1001 mare
1224 929 1408 1020 loculum,
1428 933 1491 1028 qui
1512 957 1617 1024 mox,

283 1038 524 1127 submovente
551 1057 763 1144 fluctu,0rae
776 1056 1048 1155 Mitylenaeorum
1072 1051 1254 1125 allabitur.
1272 1056 1430 1126 Tarsiam
1457 1056 1617 1146 interea,

282 1201 407 1247 recens
421 1175 569 1264 editam,
586 1176 784 1247 curandam
801 1175 910 1247 tradit
925 1176 1137 1275 Apollonius
1152 1178 1375 1274 Dionysiadi,
1392 1180 1491 1277 apud
1506 1207 1619 1278 quam

283 1299 440 1369 ineuntis
449 1297 726 1395 quatuordecim
736 1300 873 1396 primos
882 1301 993 1371 aetatis
1005 1325 1120 1373 annos
1134 1302 1261 1396 exigat.
1279 1304 1382 1375 Brevi
1395 1318 1529 1394 autern,
1542 1306 1617 1401 eje·

281 1438 380 1494 ctum
391 1424 427 1493 in
444 1446 560 1511 oram,
572 1437 612 1492 ut
626 1426 776 1493 Ceramo
790 1421 951 1495 medicus
967 1423 1128 1495 loculum
1142 1427 1345 1522 prospexit,
1363 1425 1476 1517 vadit,
1493 1452 1618 1500 arcam

278 1545 382 1641 jubet
397 1545 546 1635 recludi,
565 1561 601 1617 et
625 1547 662 1616 in
688 1570 730 1616 ea
745 1546 933 1617 mulierem
949 1546 1061 1638 videt,
1084 1571 1272 1645 supremos
1290 1573 1370 1646 quae
1384 1575 1459 1621 non
1477 1551 1619 1623 alilarat

280 1670 369 1741 dum
383 1672 541 1769 spiritus.
559 1674 612 1741 En
632 1671 788 1767 sopitam
807 1672 844 1740 in
861 1695 922 1760 ea,
953 1684 1126 1768 tanquam
1156 1673 1353 1767 igniculum
1385 1676 1617 1773 suppositum

280 1798 411 1884 cineri,
439 1798 585 1869 suscitat
611 1797 743 1883 vitam3
761 1811 797 1867 et
821 1821 932 1892 quam
948 1796 1141 1868 extinctam
1162 1812 1330 1895 putares,
1354 1824 1396 1869 ea
1423 1801 1616 1872 confestim

280 1938 362 1994 ante
379 1926 505 2004 ἀσύλους
516 1947 613 2007 aras,
628 1924 664 1992 in
679 1924 819 1993 intactae
832 1922 1028 1993 sacrarium
1046 1923 1238 1994 Artemidis
1254 1949 1292 1995 se
1308 1925 1447 2022 recipit.
1466 1927 1616 1999 interim

280 2047 510 2118 adolescebat
524 2049 643 2118 Tarsia
667 2051 702 2117 in
719 2047 830 2117 domo
850 2046 1098 2142 Dionysiadis,
1120 2049 1179 2119 cui
1197 2063 1273 2119 erat
1296 2063 1332 2119 et
1347 2050 1415 2146 ipsi
1428 2048 1514 2121 filia.
1531 2055 1616 2122 Haec

279 2195 322 2240 eo
351 2172 493 2267 gravius
509 2172 546 2241 in
573 2170 728 2242 amicula
754 2168 890 2241 ferebat
915 2170 1047 2266 ingenii
1064 2170 1259 2266 formaeque
1286 2173 1443 2243 nitorem
1462 2197 1504 2245 ae
1520 2198 1614 2271 prae·

279 2298 466 2385 stantiam,
494 2295 595 2391 quod
622 2293 814 2390 malignam
840 2295 907 2391 ipsi
935 2309 972 2365 et
992 2294 1089 2366 laute
1115 2319 1309 2366 novercam
1330 2311 1499 2368 naturam
1521 2315 1616 2370 esset

279 2433 436 2515 experta.
466 2423 661 2490 immotum
689 2421 796 2513 igitur
812 2433 881 2491 stat
901 2420 1023 2513 animo
1047 2419 1273 2517 Dionysiadis
1299 2422 1419 2492 necari
1438 2400 1609 2495 Tarsiam.

278 2543 346 2614 Sed
354 2569 468 2640 quum
472 2543 593 2638 jamin
604 2568 648 2614 eo
659 2559 735 2615 erat
745 2543 878 2641 puella,
892 2543 1181 2641 utaTbeophilo,
1194 2542 1304 2642 proh!
1315 2544 1441 2616 salsam
1454 2548 1615 2620 nominis

278 2667 407 2755 fidem,
424 2667 704 2758 interficeretur,
724 2669 846 2765 piratae
860 2692 1066 2758 accurrere,
1086 2693 1232 2766 rapere,
1249 2683 1462 2768 raptamque
1478 2672 1515 2742 in
1531 2671 1614 2744 foro

280 2795 400 2865 vicinae
411 2795 511 2865 urbis
521 2794 685 2865 venalem
700 2808 855 2865 statuere
871 2795 978 2892 coepti
988 2809 1084 2865 sunt.
1104 2793 1224 2865 Puella
1242 2820 1340 2866 nunc
1355 2796 1470 2868 utrius
1489 2796 1613 2869 futura

276 2923 340 3010 sit,
370 2920 595 2993 contendunt
610 2921 703 2993 inter
718 2944 755 2991 se
770 2920 1130 3017 lenoniusquidam,
1148 2934 1189 2992 ut
1203 2921 1286 2992 satis
1309 2945 1442 2998 nomen
1467 2923 1610 3013 innuit,

275 3045 383 3134 leno,
402 3060 439 3116 et
459 3044 568 3140 hujus
585 3045 740 3139 regionis
760 3069 820 3115 rex
836 3045 1083 3139 Antinagoras.
1108 3045 1245 3115 lenoni
1265 3044 1385 3114 Tarsia
1401 3042 1493 3115 heu!
1518 3043 1612 3118 dura

276 3171 486 3240 auctionum
511 3184 607 3239 sorte
622 3167 761 3264 obtigit.
776 3167 846 3257 Sed
870 3165 961 3237 nibil
976 3181 1029 3237 est
1060 3167 1137 3261 ejus
1159 3192 1224 3237 cnr
1238 3168 1364 3238 timeas
1380 3163 1519 3238 illibato
1537 3193 1610 3266 pu·

275 3296 403 3365 dicitiae
428 3295 518 3363 ilori.
542 3299 630 3363 Nam
644 3292 763 3363 media
789 3295 825 3363 in
842 3293 1069 3389 corruptela,
1088 3293 1298 3388 incorrupta
1312 3291 1436 3386 deget;
1459 3307 1570 3389 atque
1589 3321 1609 3366 e

274 3418 441 3489 sordibus
453 3419 576 3488 existet
588 3419 739 3504 intacta,
755 3441 843 3486 rosae
853 3417 975 3487 similis
992 3416 1186 3486 dumorum
1197 3440 1307 3511 quam
1321 3415 1420 3486 nulla
1437 3417 1611 3488 nimirum

275 3568 402 3613 manns
417 3543 554 3639 carpit,
572 3555 607 3611 et
624 3542 682 3611 cui
697 3564 768 3610 suae
780 3564 847 3637 pro
860 3539 956 3610 vallo
973 3554 1057 3609 sunt
1074 3539 1202 3636 spinae,
1219 3553 1261 3608 ut
1276 3539 1352 3636 ipsa
1361 3539 1489 3609 cecinit
1505 3566 1513 3606 ι

445 3712 456 3734 α
474 3694 506 3742 Ui
518 3704 573 3741 rosa
586 3690 616 3740 de
631 3691 705 3753 spinis
722 3725 1056 3741 ..............

445 3813 709 3830 ...........
729 3778 842 3830 manibus
852 3778 964 3829 violarier
974 3777 1025 3827 nili.
1039 3797 1051 3821 a

274 3896 401 3968 Subito
423 3910 543 3966 autern
567 3896 603 3965 in
619 3919 721 3966 oram
735 3894 911 3992 Mitylenae
929 3893 1046 3965 hiems
1058 3892 1179 3964 denuo
1193 3891 1338 3989 projicit
1360 3887 1609 3988 Apollonium,

273 4024 356 4118 qui,
385 4021 511 4092 dolore
531 4020 843 4115 coniectus‚jurat
859 4044 933 4090 non
958 4019 1133 4109 barbam,
1160 4042 1233 4087 non
1259 4014 1407 4114 capillos
1433 4039 1508 4085 sese
1531 4016 1613 4111 jam

272 4172 347 4217 esse
379 4147 587 4218 recisurum.
617 4145 814 4240 Conjngem
842 4142 1008 4214 videlicet
1037 4157 1123 4211 tunc
1151 4140 1260 4211 babet
1286 4153 1487 4225 mortuam,
1521 4161 1612 4211 cum

274 4287 392 4343 tamen
410 4272 498 4341 vivit
516 4269 668 4367 Ephesi,
695 4268 758 4340 ubi
783 4294 882 4340 sacra
899 4268 967 4338 lert
987 4264 1199 4353 Artemidis‚
1224 4276 1320 4334 casta
1336 4277 1372 4333 et
1389 4263 1614 4333 intemerata

272 4396 458 4482 sacerdos,
484 4394 595 4465 filiam
609 4394 701 4465 adeo
719 4409 805 4465 tunc
827 4392 938 4464 habet
961 4404 1162 4477 mortuam,
1192 4412 1276 4458 curn
1302 4401 1421 4456 tamen
1451 4385 1540 4454 vivit
1572 4387 1613 4458 in

272 4523 398 4594 eadem
415 4536 522 4618 atque
538 4523 613 4617 ipse
635 4522 799 4609 civitate,
821 4518 1015 4616 Mitylenae,
1033 4514 1094 4586 ubi
1113 4513 1243 4585 Veneri
1258 4513 1362 4583 litare
1381 4512 1612 4585 constantius

272 4662 424 4718 recusat.
463 4648 585 4717 Victus
619 4645 764 4716 tandem
791 4644 922 4743 partim
951 4642 1161 4714 instantium
1191 4638 1390 4710 amicorum
1415 4633 1612 4732 precibus,

271 4773 402 4866 partim
413 4770 597 4841 communi
609 4770 771 4839 omnium
786 4766 937 4864 gaudio,
952 4789 1038 4835 narn
1056 4763 1205 4835 aderant
1221 4759 1455 4859 Neptunalia,
1473 4758 1548 4829 suis
1573 4786 1617 4833 se

271 4896 464 4968 comitibus
479 4895 587 4967 tradit
603 4875 858 4967 deducendum
868 4909 904 4963 et
914 4888 1181 4962 oblectandum.
1204 4888 1309 4960 Exuit
1320 4910 1404 4982 ergo
1420 4883 1617 4983 paulisper
