3726 5692
183 351 239 400 320

722 335 937 394 HELIODORI
959 335 1262 394 AEi'uiorlcoiihih

179 467 225 548 χὲς
239 466 289 524 barb
302 471 347 525 τοῦ
364 464 435 532 δέους
447 462 596 535 ἐκθνήσκων
608 465 653 522 καί
666 487 716 541 μου
734 465 881 545 πράγματα
893 463 967 545 ἔχον·
1013 474 1152 522 emoriens:
1173 477 1201 522 ut
1214 473 1319 522 mullum
1333 475 1421 537 negotii
1439 476 1580 536 habuerim,
1593 476 1636 526 illo
1654 477 1831 546 mudena„

179 579 221 623 τος
234 554 298 614 ὥστ’
312 553 464 613 ἀναλαόεῖν.
508 554 563 613 Καί
575 555 597 610 εἰ
609 553 646 629 μὴ
659 555 752 611 λυπεῖν
761 554 839 613 αὐτὸν
851 554 868 626 ῆ
881 562 981 636 πτοεῐν.

181 645 302 720 ἔμελλον,
319 634 394 702 εἷπον
406 642 438 700 διν
448 642 494 701 καί
508 647 553 700 νῦν
567 641 695 718 τοῦνομα,
708 632 731 701 ῶ
747 642 920 716 Ναυσίκλεις,
935 648 969 711 ὡς

181 732 212 791 θν
227 734 306 791 πλέον
318 730 429 814 γελῴης,
442 730 488 788 καί
499 728 561 807 ’ἅμα
575 733 657 807 ἐπῆγε
669 730 717 802 τῆν
729 730 845 802 Θίσόην.

154 836 167 874 ⁶
221 822 263 882 B'.
289 821 342 880 Καὶ
357 825 371 879 δ
385 821 538 891 Ναυσικλῆς
553 819 629 896 ἐγέλα
644 820 691 894 μὲν
704 820 805 893 οθκέτι,
822 820 968 891 συνεστάλη

182 910 208 969 δὲ
223 908 287 989 πρὸς
301 908 348 981 τὴν
364 908 444 977 ἀκοὴν
460 908 505 965 καί
526 904 632 973 σύννους
651 909 816 967 ἐπιπλεῖστον
838 909 970 982 εἱστήκει,

181 998 312 1077 διαπορῶν
326 994 482 1076 προφάσεως
497 997 527 1051 ta
540 994 616 1061 ποίας
628 997 642 1053 ὁ
658 995 785 1071 Κνήμων,
801 992 818 1064 ῆ
835 995 903 1061 τίνος
917 1018 972 1054 κοι-

180 1084 288 1151 νωνίας,
313 1082 330 1154 ἢ
355 1083 380 1140 τί
413 1083 538 1141 πεπόνθοι
561 1081 624 1163 πρὸς
649 1081 763 1160 τοῦνομα
788 1086 834 1154 τῆς
854 1082 968 1156 Θίσόης.

182 1170 363 1249 Ἐξεκάγχασε
388 1169 420 1240 δὴ
435 1194 456 1228 π
473 1171 500 1236 ὸς
522 1174 594 1228 ταῦθ’
609 1175 623 1229 δ
642 1170 760 1249 Κνήμων
774 1161 877 1242 καλ,ῖο
900 1169 970 1250 ’γαθέ

145 1277 168 1314 ru
183 1258 333 1338 Καλάσιρι,
349 1262 425 1339 δρᾷς,
447 1193 530 1333 εῖπεν,
545 1256 593 1329 όση
606 1283 644 1325 τις
662 1264 706 1319 τοῦ
719 1258 845 1336 ὀνόματος
861 1265 878 1330 ἡ
893 1259 970 1317 δόνα-

183 1373 236 1425 μις,
250 1348 295 1406 καὶ
309 1350 344 1413 ὡς
354 1348 401 1405 οὐκ
416 1345 474 1422 ἐμοὶ
487 1345 558 1426 μόνῳ
569 1347 768 1427 μορμολύκειον,
780 1350 816 1414 ῶς
826 1348 902 1413 αὐτὸς
912 1346 970 1428 φὴς,

183 1437 240 1494 ἀλλ’
253 1435 303 1507 ἤδη
314 1434 358 1492 καί
369 1435 516 1494 Ναυσικλεῖ
525 1434 651 1512 γίγνεται,
661 1437 761 1512 μᾶλλον
773 1436 800 1494 δέ
812 1435 857 1494 καί
867 1438 972 1514 ὁλοσχε-

184 1525 229 1603 ρῆς
243 1523 331 1601 γέγονε
345 1527 390 1579 τοῦ
406 1521 502 1587 πάθους
519 1522 678 1599 μετάστασις
691 1528 726 1590 είς
743 1523 906 1601 τοῦμπαλιν·
920 1523 971 1601 ἐγὼ

183 1612 231 1688 μὲν
245 1613 328 1690 γελῶ,
344 1609 480 1689 γιγνώσκω
494 1609 545 1691 γάρ
563 1611 648 1670 οὐκέτ’
663 1603 754 1688 οὖσαν,
773 1617 787 1671 δ
805 1612 832 1670 δέ
846 1612 971 1691 γεννάδας

147 1725 169 1761 ιε
182 1706 245 1778 ημῖν
262 1703 413 1770 Ναυσικλῆς
428 1698 455 1766 ὃς
466 1701 556 1781 πολλῷ
571 1699 667 1778 γέλωτι
681 1705 732 1759 τῶν
748 1702 835 1775 ἄλλων
849 1724 970 1760 κατατω·

185 1790 266 1858 θάζων
291 1788 464 1867 ἐτύγχανε...
491 1786 636 1862 Πέπαυσο,
652 1787 701 1869 ἔφη
721 1793 735 1847 δ
756 1791 908 1860 Ναυσικλῆς
927 1787 971 1845 καῖ

184 1878 241 1944 ἅλις
255 1901 296 1935 σοι
308 1881 354 1948 τῆς
370 1878 405 1942 είς
418 1876 465 1953 ἐμὲ
480 1877 598 1953 ἀμύνης,
612 1866 634 1935 ῶ
647 1876 773 1954 Κνήμων.
816 1876 895 1937 Ἀλλὰ
908 1876 973 1990 πρὸς

183 1965 284 2024 Ξενίων
296 1965 341 2024 καὶ
355 1965 458 2025 <irritos
469 1968 542 2038 θεῶν,
554 1965 618 2042 πρὸς
631 1965 701 2022 ἁλῶν
714 1963 761 2023 καί
773 1964 913 2040 τραπέζης,
926 1988 972 2037 ων,

183 2057 218 2121 ὡς
232 2044 324 2131 οἶμαι,
337 2054 527 2132 φιλανθρώπων
540 2056 566 2112 ἐν
578 2052 700 2133 ἡμετέρῳ
714 2053 882 2133 πεπείρασθε,
895 2053 971 2111 πόθεν

144 2159 170 2198 ao
183 2141 212 2200 τὸ
235 2130 338 2211 Θίσόης
360 2139 461 2216 ὄνομα,
482 2139 534 2198 είτε
555 2140 710 2219 γνωρίζετε,
731 2139 783 2199 είτε
805 2139 971 2221 πεφόόησθε,

183 2229 235 2288 είτε
258 2228 365 2286 παιδιδιν
385 2227 432 2302 ἐμὲ
454 2227 613 2304 πεποίησθε,
635 2229 848 2306 καταμηνύσατε.
891 2227 973 2288 Καίὸ

185 2317 345 2396 Καλάσιρις,
359 2316 423 2388 Σὸς,
437 2315 504 2396 ἔφη,
516 2321 531 2374 δ
550 2316 638 2391 λόγος,
653 2306 675 2374 ῶ
689 2317 814 2394 Κνήμων,
827 2317 855 2376 δν
875 2316 974 2375 πολλά-

74 2455 76 2459 .
184 2429 223 2471 κις
239 2428 284 2482 μοι
307 2406 424 2475 διελθεῖν,
439 2403 535 2482 γνῶσίν
556 2427 585 2462 τε
608 2408 659 2461 τῶν
680 2405 748 2463 κατδι
767 2405 863 2464 σαυτὸν
886 2427 973 2483 παρα-

184 2502 257 2571 σχεῖν
272 2491 507 2570 ἐπαγγειλάμενος,
522 2494 558 2558 εἰς
572 2492 648 2571 δεῦρό
666 2515 693 2550 τε
707 2493 839 2560 ποικίλαις
853 2492 893 2551 ἀεὶ
912 2494 973 2550 δια-

144 2599 170 2637 aa
186 2582 289 2639 δόσεσιν
310 2579 495 2659 ὑπερθέμενος,
519 2582 545 2637 έν
570 2582 654 2661 καιρῷ
672 2580 757 2657 λέγοις
779 2580 810 2639 διν
824 2581 854 2639 τὸ
876 2582 971 2659 παρὸν,

185 2670 331 2728 Ναυσικλεῖ
343 2671 366 2724 θ’
377 2667 434 2744 ἅμα
445 2669 511 2748 τῷδε
523 2667 693 2748 χαριζόμενος
706 2671 751 2729 καί
765 2671 828 2746 ἡμῖν
839 2669 883 2729 τὸν
895 2670 972 2729 πόνον
1021 2721 1026 2731 .

183 2760 229 2826 τῆς
243 2755 389 2836 ὁδοιπορίας
409 2756 581 2837 ἐπικουφίζων
599 2756 644 2815 καί
662 2761 699 2837 τῷ
719 2758 862 2837 διηγῆματι
886 2781 972 2838 παρα-

183 2843 305 2920 πέμπων.
347 2843 483 2903 Ἔπείθετο
501 2847 516 2901 δ
534 2842 660 2924 Κνήμων,
680 2846 726 2903 καὶ
741 2846 828 2924 ἔλεγεν
853 2845 973 2921 ἅπαντα,

184 2932 328 3007 ἐπιτέμνων
350 2931 399 2990 ὅσα
422 2930 473 3002 ἤδη
495 2933 534 3011 τῷ
557 2931 684 3008 Θεαγένει
704 2931 750 2989 καί
771 2937 804 3012 τῇ
828 2934 973 3015 Χαρικλείᾳ

145 3040 171 3078 ab
183 3022 394 3100 προδιηγήσατο,
406 3017 454 3090 τῆν
466 3016 582 3098 πατρίδα
598 3020 633 3083 ὡς
647 3017 794 3093 Ἀθηναῖος,
815 3020 858 3079 τὸν
871 3021 972 3101 πατέρα

184 3112 218 3175 ὡς
233 3108 401 3186 Ἀρίστιππος
417 3105 464 3165 καὶ
484 3105 532 3178 τῆν
548 3104 717 3183 Δημαινέτην
736 3107 776 3165 ότι
796 3108 912 3188 μητρυιά
928 3132 973 3187 γε-

183 3198 254 3272 γόνοι
266 3197 332 3274 διῄει
346 3195 392 3255 καί
404 3194 448 3254 τὸν
461 3194 583 3272 ἀθέμιτον
598 3194 638 3253 ἐπ’
653 3198 726 3276 αὐτῷ
744 3200 790 3267 τῆς
803 3196 969 3274 Δημαινέτης

185 3285 269 3363 ἔρωτα
281 3285 326 3343 καὶ
344 3289 378 3351 ὡς
390 3283 609 3362 ἀποτυγχάνουσα
630 3284 840 3357 έπιόουλεύσειε,
854 3286 972 3343 διάκονον

186 3377 221 3440 εἰς
234 3372 283 3445 τὴν
297 3371 439 3442 ἐπιόουλῆν
453 3375 563 3429 καθεῖσα
577 3370 624 3442 τὴν
639 3372 754 3442 Θίσόην·
768 3371 915 3451 προσετίθει
927 3372 972 3429 καί

147 3476 173 3516 ab
184 3462 229 3520 τὸν
243 3461 339 3540 τρόπον
354 3460 399 3518 καὶ
411 3457 451 3517 ὅτι
466 3459 638 3538 φυγαδευθείη
653 3463 699 3530 τῆς
712 3459 864 3535 ἐνεγκούσης
875 3462 910 3526 ὥς
920 3483 972 3516 πα-

185 3550 293 3629 τραλοία
310 3554 357 3606 τοῦ
374 3547 459 3623 δῆμον
480 3547 578 3618 ταύτην
595 3548 678 3628 (τὴν)
703 3545 799 3624 ζημίαν
823 3547 970 3614 ἐπιθέντος·

1015 566 1039 610 et
1054 561 1100 615 nisi
1113 561 1181 610 illum
1194 562 1276 612 dolore
1288 564 1420 613 allecturus
1431 577 1518 626 msam,
1529 567 1571 615 aut
1580 566 1854 643 perterretaetnrw,¹⁸

1015 653 1040 698 et
1061 662 1127 698 uunc
1146 650 1266 713 dicerem,
1288 652 1425 714 Nausicles,
1446 666 1549 715 nornen,
1572 656 1599 703 ut
1618 653 1699 705 rideas
1715 668 1860 728 mgis:

1015 738 1136 800 simulque
1145 739 1250 789 Thisben
1263 741 1475 791 commemorabat.

1047 830 1076 876 il.
1091 827 1215 877 hausides
1228 831 1310 879 autem
1325 843 1374 879 uon
1385 830 1489 894 amplius
1500 830 1609 891 ridebat,
1625 831 1667 882 sed
1679 834 1846 895 eontrigrg.

1016 926 1056 972 tus
1067 925 1104 974 est
1123 937 1180 972 cum
1194 923 1299 975 audisset
1312 928 1337 975 et
1350 925 1392 974 diu
1406 926 1472 976 stetit
1489 927 1685 990 cogitabundus,
1696 928 1839 988 basileus

1016 1021 1041 1068 et
1052 1031 1164 1082 quaerens
1176 1019 1241 1082 apud
1254 1019 1372 1082 animum,
1385 1021 1474 1083 quade
1486 1035 1560 1071 eausa
1569 1024 1699 1085 cuemoni,
1710 1029 1834 1094 ameno

1017 1114 1174 1175 commercio,
1189 1117 1233 1164 aut
1244 1114 1302 1177 quid
1315 1128 1330 1163 a
1342 1115 1431 1165 Thisbe
1442 1116 1575 1167 accidisset.
1611 1121 1677 1168 Tum
1690 1123 1829 1174 remmi-

1018 1223 1057 1259 τοι
1068 1210 1129 1258 risus
1142 1209 1216 1259 edidit
1230 1224 1280 1273 prae
1291 1212 1366 1260 nimia
1376 1211 1458 1261 laetitia
1470 1214 1578 1262 cuemon
1590 1218 1617 1264 et
1628 1218 1651 1265 0
1661 1215 1724 1266 bone
1733 1218 1826 1267 cur

1017 1303 1070 1364 siri,
1083 1294 1166 1364 rides,
1175 1303 1284 1366 dioebat,
1297 1308 1388 1368 quanta
1403 1305 1435 1355 sit
1446 1305 1518 1368 hujus
1529 1307 1635 1358 nominis
1652 1308 1689 1358 vis
1705 1296 1828 1372 ειηιιιιδ

1017 1411 1065 1446 uon
1080 1398 1139 1448 mihi
1159 1399 1204 1448 soli
1221 1401 1258 1450 est
1277 1413 1387 1462 persone
1399 1400 1475 1450 instar
1495 1415 1524 1450 ae
1537 1403 1658 1466 terriculi,
1676 1403 1717 1454 sed
1730 1404 1828 1454 euim

942 1502 949 1514 ·
1017 1492 1121 1541 ilausieii
1133 1495 1232 1543 nostro?
1247 1493 1311 1552 Quin
1324 1493 1397 1543 etiam
1410 1494 1483 1556 plane
1500 1494 1627 1546 miritieam
1641 1496 1737 1548 allectus
1745 1506 1830 1547 [σιν

1018 1587 1133 1636 udonem
1153 1587 1243 1637 attulit,
1276 1560 1405 1650 ligeionim
1425 1588 1531 1638 uicissim
1545 1589 1613 1639 rideo
1631 1611 1638 1640 ι
1660 1592 1710 1642 seio
1722 1592 1772 1641 erin
1795 1616 1826 1647 ρ

1018 1694 1066 1730 non
1077 1681 1180 1743 amplius
1193 1695 1245 1731 esse
1256 1684 1410 1745 superstitem
1421 1703 1428 1733 ε
1440 1696 1570 1746 generosus
1586 1687 1669 1735 autem
1684 1688 1830 1739 naneae·

1017 1774 1059 1836 qui
1071 1779 1141 1824 antea
1152 1776 1229 1827 multo
1241 1777 1289 1826 risu
1301 1778 1354 1826 aliis
1365 1778 1521 1829 illudebat...
1539 1778 1641 1843 Desine,
1652 1780 1729 1845 iuquit
1737 1784 1821 1831 Νιιο

1017 1867 1247 1949 sielmzeruim
1259 1883 1303 1920 nos
1316 1871 1430 1932 ultuses,
1441 1874 1559 1923 cremon.
1592 1872 1638 1924 Sed
1655 1887 1698 1937 per
1710 1871 1824 1938 bospiffii

1018 1965 1043 2011 et
1052 1962 1164 2012 amicitias
1176 1964 1288 2013 custodes
1301 1965 1373 2023 deos,
1393 1978 1435 2028 per
1448 1966 1510 2015 sales
1531 1970 1556 2016 et
1570 1980 1695 2030 menum,
1713 1969 1824 2032 quein

1019 2060 1101 2107 nostra
1113 2057 1187 2107 domo
1201 2057 1293 2120 experti
1307 2059 1376 2118 estis,
1398 2061 1426 2108 ut
1439 2059 1551 2119 arbitror,
1570 2075 1667 2112 summa
1681 2062 1827 2112 voluntate

1018 2152 1088 2202 robis
1100 2152 1221 2213 exhibita,
1234 2152 1300 2202 uude
1315 2153 1346 2201 sit
1360 2152 1460 2203 Thisbes
1473 2167 1574 2216 nomeu,
1589 2157 1641 2205 sire
1660 2156 1737 2218 scitis,
1749 2156 1831 2206 αἰο

1019 2261 1058 2295 me
1078 2248 1186 2308 terretis,
1206 2247 1257 2297 sire
1275 2248 1358 2308 iocum
1377 2249 1402 2297 iu
1423 2262 1462 2298 me
1485 2250 1670 2314 composuistis,
1692 2251 1822 2302 ludintu-

1018 2342 1130 2391 celasiris
1148 2346 1243 2403 autem,
1266 2343 1321 2393 Tibi
1339 2342 1390 2404 iarn
1412 2344 1546 2406 incumbit,
1569 2345 1664 2409 inquit,
1684 2347 1776 2397 narratio
1800 2381 1824 2407 ,

1020 2438 1129 2485 cuemon
1142 2451 1148 2484 :
1161 2450 1234 2500 quarn
1248 2449 1305 2486 cum
1323 2437 1412 2500 saepius
1426 2439 1484 2487 mihi
1499 2443 1523 2488 te
1535 2441 1702 2502 expositurum
1717 2439 1826 2505 promi·

1018 2529 1077 2580 aeris
1089 2533 1115 2580 et
1129 2531 1366 2581 communicaturum
1375 2545 1472 2582 meeum
1481 2535 1512 2584 de
1522 2535 1657 2584 rationibus
1669 2536 1723 2597 tuis,
1736 2534 1822 2584 rhi-

1019 2625 1125 2675 lominus
1133 2627 1213 2675 tamen
1221 2626 1338 2676 hacteuus
1346 2627 1418 2676 variis
1429 2628 1522 2690 eiiugiis
1531 2628 1663 2690 distuleris,
1673 2630 1824 2693 opportune

1020 2721 1182 2782 inpraesentia
1199 2720 1322 2782 institues,
1338 2720 1443 2770 Nausicli
1462 2721 1534 2770 simui
1547 2722 1685 2784 gralitimns
1700 2720 1821 2773 serbis

1022 2815 1156 2864 molestiam
1169 2814 1260 2864 itineris
1269 2815 1361 2875 leuans,
1372 2815 1558 2878 narratioueque
1566 2817 1691 2868 amoliens.
1712 2818 1819 2867 llam

1020 2908 1066 2956 illis
1078 2907 1176 2970 gerebat
1189 2911 1298 2958 cremon
1311 2914 1336 2957 et
1354 2908 1468 2958 narrabat
1481 2910 1563 2959 omnia
1581 2909 1732 2975 oompenillo,
1742 2918 1817 2973 ηιιε

1019 3005 1091 3072 autea
1100 3003 1220 3066 Timageni
1229 3007 1254 3053 et
1263 3003 1396 3055 charisime
1407 3009 1551 3068 exposuerat
1562 3026 1568 3057 :
1579 3006 1646 3071 quod
1654 3005 1816 3071 petriaitbo

1019 3112 1067 3161 um,
1076 3099 1141 3161 quod
1152 3101 1219 3160 pater
1226 3099 1372 3163 Aristippus,
1382 3099 1448 3162 quod
1456 3104 1595 3152 Demoemta
1602 3098 1816 3152 novenam*

1018 3193 1213 3256 liecensebatque
1222 3193 1353 3243 uelandum
1363 3207 1479 3254 amorem,
1489 3209 1538 3257 quo
1548 3209 1575 3245 ae
1584 3193 1814 3256 mamaeae

1020 3288 1082 3338 ribat
1095 3291 1120 3337 et
1134 3287 1213 3351 quod,
1224 3300 1266 3349 spe
1278 3287 1357 3349 lapsa,
1370 3287 1467 3338 iusidias
1482 3289 1528 3338 sibi
1541 3289 1685 3352 struxisset,
1697 3287 1815 3339 minim
1846 3278 1850 3285 ’

1017 3382 1157 3433 insidiarum
1172 3381 1261 3431 Thisbe
1270 3381 1409 3432 subornata
1441 3383 1551 3434 abdebat
1559 3385 1692 3435 etmodum
1704 3371 1814 3446 equod

1018 3477 1102 3541 pulsus
1116 3479 1178 3526 emet
1190 3477 1216 3525 in
1230 3476 1340 3526 exsilium
1360 3490 1374 3526 e
1387 3477 1480 3540 patria,
1492 3477 1582 3540 populo
1601 3480 1714 3542 tanquam
1725 3464 1815 3540 iffi·

992 3568 997 3685 γ
1018 3573 1078 3622 cidne
1092 3572 1154 3623 lune
1166 3585 1262 3636 poenaru
1275 3572 1397 3634 irrogante
1409 3592 1415 3622 ι
1429 3572 1544 3635 quodque
1555 3572 1601 3623 sibi
1619 3574 1644 3623 iu
1663 3572 1739 3636 dirim
1749 3567 1810 3620 do·

184 3639 229 3695 καί
243 3640 278 3702 ὡς
293 3636 408 3714 διάγοντι
424 3635 492 3693 κατά
507 3638 555 3705 τὴν
568 3634 691 3715 Αἴγιναν,
704 3639 797 3715 πρῶτα
812 3635 859 3711 μὲν
871 3636 972 3714 Καρίας
1017 3669 1096 3730 ,χχχ
1112 3668 1215 3730 primum
1230 3667 1331 3719 chari„
1348 3680 1411 3717 ,,,,,,,
1430 3681 1461 3717 ,χ
1479 3667 1623 3730 Synephebi,
1640 3666 1808 3721 m

185 3750 223 3791 τις
239 3728 289 3782 τῶν
308 3722 463 3804 συνεφῆὸων
484 3722 531 3794 τῆν
549 3723 718 3801 Δημαινέτην
737 3721 777 3782 ότι
795 3722 903 3794 τέθνηκε
926 3722 971 3781 καί

186 3815 256 3880 ὅπως
271 3811 441 3891 ἐξαγγείλαι,
455 3815 502 3879 τῆς
516 3811 619 3884 Θίσθης
640 3813 748 3892 κάκείνη
761 3811 807 3884 τῆν
829 3810 972 3884 ἐπιὸσυλὴν

145 3920 171 3957 ιο
186 3901 336 3973 συνθείσης,
351 3900 433 3960 ἔπειτ’
443 3901 589 3974 Ἀντικλῆς,
602 3899 673 3969 ὅπως
687 3899 734 3977 μίν
747 3905 761 3960 δ
775 3901 864 3981 πατὴρ
876 3903 971 3979 δημευ·

185 4012 224 4047 σει
241 3993 292 4048 τῶν
313 3989 394 4048 όντων
411 3988 590 4065 ὑποόληθείη,
604 3989 755 4048 συστάντων
768 3991 809 4048 ἐπ’
828 3990 905 4048 αὐτὸν
919 4015 970 4048 των

184 4078 252 4137 κατὰ
267 4078 340 4156 γένος
354 4082 387 4158 τῇ
404 4076 558 4157 Δημαινέτη
571 4076 756 4158 προσηκόντων
771 4077 892 4159 καὶπρὸς
906 4082 970 4138 ὑπο·

184 4189 255 4225 νσιαν
277 4166 356 4247 φόνου
374 4167 417 4225 τὸν
436 4167 519 4243 δῆμον
533 4167 592 4225 κατ’
608 4169 687 4226 αὐτοῦ
709 4169 886 4238 κινησάντων·
901 4167 971 4236 ὅπως

184 4257 207 4315 δ’
220 4261 237 4328 ἡ
250 4255 340 4325 Θίσόη
353 4258 404 4313 τῶν
416 4255 529 4326 Ἀθηνῶν
540 4254 642 4334 ἀπέδρα
653 4253 699 4313 σὺν
712 4258 750 4334 τῷ
759 4258 856 4336 ἐραστῇ
873 4258 911 4336 τῷ
923 4259 970 4332 έμ-

144 4364 170 4403 is
184 4344 257 4424 πόρῳ
264 4346 302 4425 τῷ
310 4343 491 4423 Ναυκρατίτη.
503 4343 556 4403 Καὶ
563 4346 634 4410 τέλος
641 4347 737 4419 ἐπῆγεν
748 4343 774 4421 [ὁ
784 4343 923 4422 Κνήμων],
931 4343 971 4402 ότι

184 4431 231 4492 σὺν
242 4436 279 4514 τῷ
292 4432 419 4492 Ἀντικλεῖ
430 4433 498 4490 κατὰ
511 4431 619 4504 ζήτησιν
633 4436 681 4504 τῆς
700 4431 805 4501 etatae
826 4430 971 4498 ἐκπλεύσας

184 4523 227 4580 ε’πῖ
242 4523 289 4593 τῆν
306 4522 440 4600 Αἴγυπτον
463 4524 485 4580 εί
506 4522 538 4592 δη’
562 4546 618 4588 πως
629 4523 756 4599 ἀνευρὼν,
774 4519 917 4598 ἀγαγόντ’
936 4523 971 4587 εἷς

183 4609 229 4676 τάς
241 4610 366 4686 Ἀθήνας,
383 4610 470 4668 λύσειε
492 4609 539 4686 μὲν
553 4613 592 4690 τῷ
612 4610 694 4691 πατρί
715 4608 762 4681 τὴν
784 4607 969 4689 συκοφαντίαν,

184 4698 363 4777 τιμωρήσαιτο
376 4700 399 4757 δ’
414 4698 523 4772 ἐκείνην,
535 4699 581 4758 καὶ
597 4701 704 4765 πολλοῖς
716 4698 763 4774 μέν
777 4697 865 4763 ἄλλοις
878 4696 970 4754 κινδύ-

145 4795 170 4834 ht
185 4808 250 4857 νοις,
264 4789 373 4854 πολλαῖς
392 4788 419 4847 δέ
438 4787 529 4867 τύχαις
548 4786 607 4854 τοὺς
619 4785 716 4862 μεταξὺ
735 4787 842 4866 χρόνους
860 4807 970 4866 περιπε-

185 4870 248 4944 σὼν,
260 4873 337 4943 διλοθς
349 4875 376 4933 δὲ
399 4875 445 4934 καὶ
460 4876 510 4936 ὑπὸ
524 4879 749 4951 καταποντιστῶν,
764 4865 820 4933 εἶτα
834 4875 891 4941 πῶς
910 4875 970 4932 tren

184 4958 247 5037 δρδις
268 4962 313 5019 καί
337 4965 466 5044 Αἰγύπτῳ
495 4964 707 5046 προσορμισθεὶς,
739 4953 810 5029 αύθις
843 4961 894 5021 ὕπὸ
918 4966 970 5021 τῶν

186 5047 318 5126 βουκόλων
332 5051 444 5129 ληφθείη
459 5054 581 5132 [λῃστῶν
591 5054 614 5133 ]·
627 5052 687 5111 ἔνθα
701 5052 746 5110 καί
758 5051 805 5122 την
817 5050 882 5131 πρὸς
896 5053 969 5112 Θεα-

185 5135 261 5208 γένην
270 5136 314 5192 καί
327 5138 488 5209 Χαρίκλειαν
499 5145 569 5222 αὐτῷ
579 5140 699 5221 γενέσθαι
708 5138 858 5218 συντυχίαν·
869 5139 915 5198 καί
923 5138 969 5212 τῆν

1017 3778 1068 3815 esse
1080 3766 1200 3813 mortuam
1219 3766 1244 3813 et
1259 3763 1360 3812 modum
1372 3763 1458 3813 mortis
1473 3763 1615 3825 multasset,
1628 3761 1735 3813 aTbisbe
1749 3746 1805 3821 ivd
1859 3734 1863 3861 Ι

949 3901 957 3923 ,
1017 3872 1115 3923 quoque
1135 3858 1234 3908 structis
1246 3857 1351 3919 insidiis;
1368 3857 1455 3907 deinde
1474 3857 1594 3920 anheles,
1615 3859 1680 3921 quod
1697 3859 1754 3921 put«
1771 3846 1802 3896 ἰ·
1859 3873 1863 3882 ·

937 3995 953 4008 ε
1017 3954 1177 4004 calamitatem
1198 3952 1333 4013 incidisset,
1350 3953 1413 4003 lacta
1428 3952 1546 4001 bouomm
1561 3950 1799 4015 publicationem!
1857 3961 1860 3970 ¹

951 4080 957 4097 ,
1016 4049 1047 4110 ii,
1063 4049 1104 4111 qui
1116 4048 1285 4110 mujuuctioue
1296 4047 1417 4110 sauguinis
1428 4048 1597 4096 nemeaeum
1608 4043 1752 4109 attingebant.
1768 4034 1796 4083 Β
1857 4047 1863 4060 “’

1016 4144 1194 4194 damnationem
1212 4144 1274 4194 iliius
1288 4143 1415 4193 coivisseut
1428 4144 1453 4192 et
1465 4142 1580 4205 poputum
1593 4142 1617 4191 in
1626 4153 1680 4192 eam
1689 4131 1793 4202 affl*

1017 4252 1087 4299 narn,
1101 4226 1165 4301 quod
1179 4239 1229 4301 ipse
1241 4237 1333 4288 cedem
1347 4238 1521 4299 perpetrasset,
1535 4235 1699 4285 adduxissent
1726 4219 1790 4281 ild

1016 4347 1127 4397 queque
1142 4335 1211 4396 pacto
1226 4332 1314 4383 Thisbe
1325 4331 1423 4394 fugisset
1436 4330 1536 4381 Athenis
1555 4343 1612 4379 eum
1627 4328 1788 4385 aruatorew

1016 4429 1082 4491 dana,
1091 4431 1224 4479 mercatore
1232 4425 1398 4478 Naucrateusi.
1408 4425 1446 4477 ad
1451 4428 1588 4476 extremum
1600 4404 1787 4475 mmuaeantffl*¹

1019 4530 1142 4588 οιιειιιοιι,
1165 4525 1306 4588 quodcum
1327 4523 1421 4574 Anticle
1442 4524 1472 4573 ad
1497 4522 1677 4586 inquisitionem
1701 4510 1786 4569 TW

1016 4615 1131 4678 navigans
1149 4615 1174 4664 iu
1188 4616 1332 4677 AEgypturu,
1356 4616 1383 4663 ut
1400 4613 1421 4662 si
1439 4613 1501 4662 torte
1520 4611 1587 4661 iilam
1605 4610 1640 4660 ibi
1660 4596 1786 4659 irruis&

1017 4704 1133 4753 reducens
1154 4702 1274 4763 Athenas,
1295 4702 1407 4752 liberaret
1426 4703 1519 4764 patrem
1540 4698 1663 4750 calumnia
1681 4681 1787 4747 etdeffl'

1017 4805 1099 4856 paenas
1114 4794 1220 4842 sumeret
1226 4809 1234 4854 ;
1255 4805 1310 4840 cum
1321 4792 1346 4840 iu
1364 4789 1442 4840 mohs
1458 4789 1505 4839 alia
1521 4788 1626 4852 pericula
1644 4778 1750 4837 insidiati
1763 4763 1790 4815 *ί
1821 4846 1824 4851 ¹

1016 4882 1095 4932 varios
1114 4895 1183 4932 casus
1196 4880 1276 4931 medio
1289 4880 1406 4942 temporis
1425 4876 1553 4928 intervallo
1574 4877 1658 4927 luisset
1673 4867 1792 4935 exprim

1016 4972 1087 5020 etiam
1106 4971 1132 5020 iu
1150 4970 1281 5034 piratarum
1303 4970 1446 5030 potestatem
1470 4965 1582 5016 venisset.
1624 4961 1723 5020 vende,
1739 4946 1797 5013 ‘1⁰⁰
1858 4946 1863 5001 ί

1016 5059 1098 5123 niodo,
1111 5073 1168 5109 οιιιιι
1183 5058 1304 5120 allegisset
1313 5059 1337 5106 et
1350 5056 1381 5105 ad
1393 5057 1522 5119 AEgyptm
1538 5066 1622 5105 rursus
1630 5041 1766 5116 apulae,
1790 5032 1803 5068 ⁸

1016 5150 1169 5213 pradonibus
1179 5148 1265 5199 iterum
1278 5149 1362 5210 captus
1375 5146 1546 5227 turriumque
1557 5142 1592 5194 ibi
1605 5154 1661 5193 curn
1676 5118 1809 5193 TW
