3726 5692
160 333 217 383 ⁴296

157 479 200 514 ναι
214 453 261 525 τήν
285 452 428 522 ἐκκλησίαν
451 451 569 527 ήγεῖοθε,
584 448 648 527 πρός
664 447 712 518 τήν
732 445 879 525 ὑπερόολήν
893 449 945 504 τῶν

158 545 228 622 ἐμῶν
243 546 383 623 συμφορῶν
398 543 553 621 ἀφορῶντες,
567 537 623 617 ἔχει
637 538 658 595 δ’
674 540 724 615 οὐχ
734 537 823 608 οὕτως,
836 537 945 614 πράττω

159 631 205 709 μέν
220 630 271 709 γὰρ
284 631 396 687 θανάτου
409 629 454 685 καὶ
469 627 595 693 πολλάκις
606 627 691 694 ἀξίως·
703 625 733 683 τδ
743 626 770 683 δὲ
784 630 837 696 νῦν,
850 624 946 704 ἔρημος

158 720 203 778 καί
218 719 341 788 θεήλατος
354 717 400 776 καλ
414 718 481 792 μόνη
496 715 586 775 λοιπόν
602 714 690 790 οἰκία,
707 715 813 774 πάντων
825 712 883 792 ἅμα
895 716 945 770 τῶν

131 807 288 886 σφιλτάτων
310 804 475 881 κεκενωμένη
492 804 536 880 μοί
558 803 714 880 συνομίλων.
756 800 850 878 Ὅμως
864 804 887 860 δ’
902 794 947 861 σύν

157 895 175 966 ἥ
196 918 224 952 τε
245 891 318 964 κοινή
332 893 437 951 πάντων
459 891 549 963 ἀπάτη
562 890 608 949 καί
632 891 742 967 μάταιος
763 891 835 957 ἐλπὶς
851 889 889 949 ἔτι
913 914 945 963 με

158 983 291 1061 καρτερεῖν
314 980 463 1051 ἀναπείθει,
486 981 533 1050 τήν
548 978 648 1059 εὕρεσιν
669 984 715 1051 τῆς
735 977 859 1059 θυγατρός
877 979 947 1037 ἐνθε-

157 1072 272 1151 χομένην
287 1067 474 1143 ὑποτιθεμένη·
488 1067 533 1125 καὶ
548 1067 587 1125 ἔτι
603 1066 682 1125 πλέον
696 1070 713 1136 ἡ
728 1068 816 1137 πολις,
839 1066 871 1136 ἣν
884 1068 946 1124 ἰδεῖν

157 1162 282 1240 πρότερον
296 1157 424 1237 τιμωρίαν
445 1155 674 1233 εἶσπεπραγμένην
688 1153 761 1233 παρδι
783 1158 834 1213 τῶν
846 1153 948 1234 ἐξυόρι-

120 1268 145 1308 ιο
159 1251 260 1309 σάντων
277 1246 413 1323 ἀναμένω·
428 1246 451 1302 εί
464 1243 501 1317 μὴ
518 1243 569 1322 ἀρα
585 1244 630 1302 καὶ
646 1246 719 1318 ὑμῶν
739 1243 769 1301 τδ
783 1243 903 1324 φρόνημα
917 1241 947 1302 τδ

158 1338 290 1415 ἐλεύθερον
302 1335 349 1393 καὶ
369 1333 418 1404 τὴν
439 1332 503 1410 ὑπὲρ
522 1336 568 1401 τῆς
581 1330 734 1410 ἐνεγκούσης
750 1332 795 1390 καὶ
814 1334 878 1389 θεῶν
895 1333 947 1388 τῶν

158 1425 289 1505 πατρῴων
302 1423 490 1500 ἀγανάκτησιν,
508 1420 541 1478 τδι
561 1419 685 1484 θιτταλδ
709 1421 833 1499 μειράκια
847 1442 948 1498 προσα-

158 1513 285 1594 ρῄρηται,
331 1516 356 1572 Τ
356 1512 371 1568 ὸ
386 1509 436 1589 γὰρ
452 1509 483 1580 δή
498 1509 605 1567 πάντων
619 1510 776 1589 βαρύτατον,
798 1509 838 1567 ότι
855 1533 948 1589 χορευ·

158 1601 201 1658 ταί
222 1602 312 1665 παῖδες
334 1598 503 1676 εὐαρίθμητοι
524 1598 569 1654 καὶ
593 1596 701 1677 θεωρίας
722 1595 851 1675 ὑπηρέται
872 1599 948 1656 πολιν

120 1705 144 1744 ιι
158 1687 274 1769 οἴχονται
289 1691 340 1746 τῶν
359 1685 523 1756 Ἐλληνίδων
538 1686 585 1755 τήν
600 1683 707 1764 πρώτην
722 1682 886 1754 πατήσαντες
902 1685 948 1743 καὶ

159 1777 202 1835 τὀν
217 1777 281 1834 νεὼν
294 1781 339 1834 τοῦ
355 1775 453 1835 Πυθίου
468 1780 514 1832 τοῦ
527 1773 687 1850 τιμιωτάτου
700 1774 834 1848 κτήματος
849 1775 948 1830 ἀποσυ·

157 1865 300 1938 λήσαντες,
326 1863 501 1943 Χαρικλείας,
525 1860 596 1938 οἴμοι
619 1867 669 1920 τῶν
698 1865 767 1936 ἐμῶν
795 1863 946 1942 ὀφθαλμῶν.

157 1952 197 2013 Ὢ
208 1958 253 2024 τῆς
267 1953 421 2030 ἀμειλίκτου
433 1952 492 2009 καθ’
504 1955 580 2027 ήμῶν
592 1956 637 2009 τοῦ
651 1950 770 2027 δαίμονος
781 1951 947 2030 φιλονεικίας.

158 2041 216 2113 Τήν
231 2040 338 2121 πρώτην
352 2040 395 2116 μοί
409 2039 454 2097 καί
469 2039 589 2117 γνησίαν,
606 2041 640 2103 ὡς
658 2038 732 2108 ίστε,
747 2037 877 2117 θυγατέρα
892 2045 949 2103 ταῖς

118 2153 145 2196 ιιι
159 2131 298 2210 νυμφικαῖς
310 2128 432 2204 λαμπάσι
448 2126 640 2184 συναπέσύεσε·
656 2126 703 2194 τήν
719 2127 821 2203 μητέρα
844 2125 888 2200 μοί
901 2124 948 2196 τήν

160 2217 275 2293 ἐκείνης,
296 2217 340 2274 ἐπὶ
362 2219 447 2295 νεαρῷ
461 2219 498 2294 τῷ
512 2216 590 2272 πάθει
612 2216 813 2292 συναπήγαγεν·
837 2216 883 2290 ἐμὲ
904 2219 950 2285 τῆς

159 2303 313 2380 ἐνεγκούσης
332 2303 465 2373 ἐξήλασεν.
508 2302 577 2362 Ἀλλ’
598 2293 631 2374 ἦν
652 2303 739 2360 πάντα
762 2301 863 2381 φορητὰ
883 2301 949 2377 μετὰ

159 2393 206 2462 τήν
217 2392 378 2470 Χαρικλείας
391 2390 500 2470 εὕρεσιν.
543 2391 690 2469 Χαρίκλεια
704 2390 749 2466 μοὶ
761 2391 814 2468 βίος
824 2381 864 2462 ἦν,
878 2390 950 2455 ε’λπὶς

160 2481 207 2538 καί
231 2479 342 2558 διαδοχή
366 2480 525 2556 τοῦγένους·
543 2478 689 2557 Χαρίκλεια
712 2479 778 2555 μόνη
803 2478 949 2559 παραψυχή

120 2589 146 2628 as
161 2569 207 2627 καί
234 2573 269 2634 ὡς
289 2571 389 2645 εἰπεῖν,
404 2568 515 2646 άγκυρα.
561 2567 615 2627 Καὶ
634 2568 731 2637 ταύτην
747 2566 949 2642 ίιπετέμετοκαί

161 2659 338 2735 παρήνεγκεν,
355 2654 408 2714 ότι
423 2659 482 2713 ποτ’
497 2657 551 2714 ἐστὶ
566 2658 594 2714 τὸ
614 2657 718 2736 είληγός
740 2679 773 2731 με
797 2654 948 2727 κλυδώνιον,

160 2747 177 2818 ἢ
193 2749 325 2822 δαιμόνιον
342 2747 409 2824 (οὐχ
423 2745 514 2811 ἁπλῶς
527 2751 616 2816 τοῦτο,
637 2746 692 2803 οὐδ’
714 2743 751 2802 ὅτ’
770 2743 872 2823 ἔτυχεν,
884 2743 951 2802 ἀλλά

162 2839 220 2893 καθ’
235 2834 263 2892 δν
279 2835 353 2892 εἴωθε
368 2833 458 2914 καιρὸν
471 2835 536 2914 ἀωρὶ
551 2834 596 2891 καὶ
610 2833 673 2910 ὠμὰ
695 2832 753 2895 κατ’
766 2835 830 2909 ἐμοῦ
853 2833 949 2909 κωμά-

161 2925 239 3000 ζειν),
252 2922 297 2979 ἀπ’
310 2923 396 2980 αὐτῶν
411 2927 504 2998 μικροῦ
518 2925 570 2979 τῶν
590 2922 745 2998 παστάδων,
762 2921 821 3002 οίρτι
836 2925 887 2980 τῶν
902 2921 951 3000 γά-

120 3026 148 3066 au
161 3035 217 3087 μων
234 3011 331 3068 δίπασιν
347 3013 408 3084 ὑμῖν
422 3008 688 3089 προκεκηρυγμένων.

203 3099 246 3158 Κ’.
263 3095 326 3158 Ἔτι
340 3095 449 3174 λέγοντα
464 3097 509 3155 καὶ
522 3097 580 3155 ὅλον
597 3100 631 3164 εἷς
655 3103 747 3178 θρῆνον
763 3096 949 3178 παραφερόμε·

161 3190 243 3260 νον,δ
264 3186 408 3265 στρατηγὸς
424 3185 555 3264 Ἡγησίας
576 3186 666 3264 ἐπεῖχέ
679 3209 705 3243 τε
725 3185 770 3244 καὶ
785 3186 949 3266 ε’ξεκρούετο,

161 3275 206 3332 καὶ
220 3265 259 3333 Ὦ
272 3276 408 3354 παρόντες,
419 3273 478 3355 ἔφη,
491 3276 619 3352 Χαρικλεῖ
632 3273 678 3350 μὲν
693 3274 794 3342 ἐξέσται
806 3279 851 3332 νῦν
866 3275 951 3332 τεκαὶ

164 3362 231 3437 μετδι
245 3367 328 3420 ταῦτα
341 3366 454 3441 θρηνεῖν,
469 3366 545 3436 ἡμεῖς
559 3361 586 3419 δὲ
603 3361 640 3437 μὴ
659 3361 901 3438 συμόαπτιζόιμεθα
914 3365 950 3442 τῷ

121 3465 148 3506 aa
160 3450 251 3508 τούτου
273 3450 367 3521 πάθει,
395 3448 463 3524 μηδὲ
484 3450 605 3525 λάθωμεν
635 3446 724 3529 ὥσπερ
749 3449 875 3527 ῥεύμασιν
898 3453 951 3514 τοῖς

160 3537 252 3596 τούτου
265 3537 387 3616 δάκρυσιν
400 3538 588 3619 ὑποφερόμενοι
600 3538 646 3596 καί
659 3537 702 3595 τὸν
719 3538 809 3617 καιρὸν
825 3538 951 3617 προϊέμε-

161 3650 216 3698 νοι,
237 3635 348 3705 πρᾶγμα
366 3625 380 3684 θ
396 3627 523 3705 μεγίστην
541 3630 566 3685 ἐν
582 3625 680 3684 ἅπασιν
700 3625 812 3705 ἔχεικαὶ
829 3628 952 3704 πολέμοις

161 3717 210 3792 οὐχ
224 3713 320 3786 ἥκιστα
337 3712 384 3785 τήν
398 3715 491 3796 ῥοπήν.
536 3714 582 3781 Ὡς
596 3720 640 3772 νῦν
659 3714 706 3790 μὲν
719 3717 764 3773 καί
779 3714 831 3774 ἀπὸ
849 3720 895 3787 τῆς
910 3720 951 3776 ἐκ·

161 3803 272 3876 κλησίας
287 3802 415 3876 ἐξιόντων,
433 3804 506 3869 ἐλπὶς
518 3804 719 3884 καταληφθῆναι
728 3803 787 3870 τοὺς
800 3805 950 3881 πολεμίους,

122 3904 149 3942 ιιι
163 3889 211 3954 ἕως
227 3889 407 3970 ῥᾳθυμοτέραν
427 3893 514 3957 αὐτοῖς
525 3891 572 3961 τήν
585 3891 692 3969 πορείαν
708 3895 724 3962 ἡ
739 3893 884 3976 προσδοκία
905 3896 952 3964 τῆς

162 3978 292 4053 ἡμετέρας
317 3980 420 4052 ἐμποιεῖ
445 3983 622 4057 παρασκευῆς.
675 3981 709 4038 Εἰ
732 3981 755 4037 δ’
781 3981 951 4057 οἰκτιζόμεναι

161 4065 305 4138 μᾶλλονδὲ
329 4066 552 4143 γυναικιζόμενοι,
576 4066 683 4124 πλείονα
707 4072 739 4145 τῇ
759 4068 886 4143 μελλήσει
903 4069 950 4140 τὴν

162 4152 320 4230 προτέρησιν
334 4156 421 4220 αὐτοῖς
433 4163 628 4234 παρασχοῑμεν,
646 4155 717 4213 οὐδὲν
733 4155 791 4215 ἀλλ’
806 4154 823 4226 ἢ
836 4180 950 4234 καταγε-

161 4242 258 4300 λᾶσθαι
280 4241 427 4300 καὶταῦτα
450 4243 513 4323 πρὸς
536 4243 678 4322 μειρακίοιν
699 4245 891 4322 περιλείπεται·
908 4245 951 4311 οὒς

57 4370 60 4375 ,
122 4348 147 4389 ts
162 4331 213 4407 ἐγὼ
229 4329 296 4410 φημί
310 4334 406 4410 χρῆναι
420 4331 513 4398 αὐτοὺς
525 4331 589 4398 τέως
601 4331 640 4389 ότι
652 4333 766 4412 τάχιστα
782 4333 950 4392 καταλαόόν-

162 4441 208 4484 τας
221 4418 428 4477 ἀνασκολοπίσαι
440 4419 485 4477 καὶ
497 4419 555 4485 τοὺς
568 4419 593 4487 ἐξ
606 4421 691 4478 αὐτῶν
706 4425 849 4498 ἀτιμῶσαι,
862 4421 951 4479 διαόι-

164 4506 292 4574 θάσοντας
307 4508 351 4566 καί
366 4509 402 4573 εἷς
414 4508 443 4565 τδ
457 4508 529 4585 γένος
546 4509 590 4579 τήν
607 4508 744 4589 τιμωρίαν.
786 4513 870 4570 Τοῦτο
884 4509 906 4567 δ’
920 4508 950 4569 διν

171 4596 264 4670 γένοιτο
283 4597 377 4674 ῥαδίως
394 4597 416 4654 εί
431 4597 494 4675 πρὸς
512 4597 690 4673 ἀγανάκτησιν
714 4597 868 4674 κινήσαιμεν
883 4599 948 4658 Θετ-

164 4682 277 4751 ταλούς,
291 4684 339 4754 τήν
352 4686 411 4743 κατ’
425 4688 511 4743 αὐτῶν
527 4709 554 4742 τε
569 4684 667 4743 τούτων
681 4686 705 4743 εἴ
723 4710 789 4752 τινες
804 4684 950 4766 διαφύγοιεν

122 4786 149 4825 σο
162 4769 208 4826 καὶ
230 4774 281 4826 τῶν
298 4772 324 4839 ἐξ
346 4775 441 4844 αὐτῶν,
460 4774 613 4841 ἀπειπόντες
633 4775 719 4840 αὐτοῖς
736 4778 765 4832 ἐκ
784 4774 951 4854 ψηφίσματος

162 4856 209 4926 τήν
235 4859 344 4937 θεωρίαν
367 4861 413 4919 καί
435 4886 478 4921 τον
500 4864 640 4941 ἐναγισμὸν
664 4869 709 4921 τοῦ
731 4863 830 4942 ἥρωος,
853 4865 883 4921 ἐκ
906 4868 951 4922 τοῦ

165 4944 290 5019 δημοσίου
307 4953 350 5004 τοῦ
365 4951 495 5030 ἡμετέρου
513 4954 644 5011 τελεῖσθαι
656 4957 745 5009 τοῦτον
761 4950 949 5030 ἐπικρίναντις.

205 5035 277 5094 Καθ’.
300 5033 362 5095 Ἔτι
376 5037 474 5097 τούτων
496 5040 690 5116 ἐπαινουμένων
713 5040 758 5098 καὶ
779 5040 892 5115 δόγματι
906 5044 952 5099 τοῦ

164 5122 248 5199 δήμου
267 5124 442 5202 κυρουμένων,
457 5127 761 5209 Ἐπικεχειροτονείοθω,
778 5128 826 5209 ἔφη
842 5131 856 5186 δ
870 5151 951 5208 στρα-

703 315 919 377 fluntouout
940 311 1248 373 AE'rfllot‘lcoublu

991 460 1056 496 casse
1068 446 1208 495 concionem
1218 445 1373 507 existimatis,
1385 445 1575 508 magnitudinem
1593 457 1679 495 meam

991 544 1102 594 miletum
1115 546 1246 594 intuentes.
1275 545 1322 594 sed
1331 545 1483 593 aliterseres
1491 543 1573 593 babet.
1605 544 1683 594 Etsie

991 641 1044 703 pius
1063 654 1092 689 ea
1113 641 1258 700 sustineam,
1272 653 1327 700 ηιιεο
1341 640 1378 688 νει
1401 643 1479 688 morte
1499 640 1551 702 ipsa
1566 640 1681 701 grauiora

991 748 1056 783 nunc
1068 733 1163 784 deserta
1177 738 1202 785 et
1210 734 1325 782 divinitus
1336 736 1429 782 uastata
1443 736 1468 783 et
1482 733 1534 783 sola
1547 734 1572 782 in
1583 737 1682 797 postern

991 830 1130 891 addemus,
1140 831 1253 880 omnibus
1261 830 1334 879 simul
1346 830 1487 890 carissimis,
1499 830 1639 892 inquorum
1652 845 1681 879 co

991 927 1047 977 dine
1059 928 1209 977 ctsuaviiate
1220 926 1418 989 acquiescebam,
1430 925 1524 987 orbata,
1533 928 1625 988 tamen,
1634 940 1682 989 qua

991 1021 1101 1083 attingit,
1112 1021 1234 1070 frustratio
1246 1021 1270 1069 et
1278 1020 1354 1069 inanis
1366 1033 1420 1082 spes
1429 1019 1509 1068 adbuc
1516 1032 1556 1069 me
1567 1022 1682 1070 sustentat

992 1116 1134 1178 perderem,
1153 1117 1256 1174 excitat,
1278 1127 1317 1162 me
1341 1114 1413 1162 liliam
1435 1121 1634 1176 recuperaturum
1658 1129 1682 1178 pe

993 1213 1098 1261 maxime
1109 1224 1167 1260 sero
1184 1211 1255 1272 urbs,
1273 1223 1347 1271 quam
1361 1209 1499 1270 victricem,
1513 1214 1593 1260 sumta
1608 1224 1679 1275 poena

992 1306 1034 1368 qui
1049 1306 1114 1354 ilium
1128 1305 1215 1365 injuria
1230 1305 1378 1365 olfecerunt,
1391 1305 1457 1368 prius
1467 1318 1506 1354 nne
1516 1305 1596 1356 videre
1606 1311 1682 1370 expet

993 1408 1084 1466 specto.
1117 1405 1166 1454 Nisi
1177 1405 1238 1453 torte
1250 1407 1275 1453 et
1288 1403 1357 1453 robis
1367 1404 1476 1453 animum
1491 1417 1634 1466 generosum
1644 1407 1682 1455 eti

993 1502 1082 1548 tionem
1094 1512 1138 1561 pro
1149 1500 1225 1562 patria
1237 1501 1262 1548 et
1270 1499 1315 1548 diis
1327 1499 1421 1562 patriis,
1431 1499 1537 1549 Thessali
1547 1499 1682 1551 adolescent

992 1594 1108 1643 tulerunt.
1138 1596 1199 1644 Nam
1217 1594 1282 1656 quod
1301 1597 1336 1643 est
1351 1595 1535 1656 gravissimum,
1554 1596 1622 1658 pueri
1638 1597 1682 1659 trip

994 1689 1063 1751 pauci
1076 1691 1101 1738 et
1114 1701 1189 1737 sacroe
1207 1688 1331 1750 legationis
1347 1689 1464 1750 ministri,
1476 1689 1579 1744 abeunt,
1597 1691 1683 1753 primae

995 1785 1057 1834 inter
1078 1787 1176 1834 Graecas
1199 1785 1307 1844 vastata,
1326 1787 1352 1833 et
1373 1784 1464 1846 templo
1477 1785 1593 1847 Apollinis
1616 1789 1682 1848 preti<

994 1879 1108 1928 thesauro
1120 1878 1237 1941 spoliato,
1250 1878 1287 1925 bei
1299 1878 1372 1926 mibi!
1383 1877 1464 1926 ablata
1476 1879 1558 1928 emeis
1566 1881 1644 1929 oculis
1653 1882 1681 1930 ci

995 1978 1016 2024 0
1027 1973 1203 2037 implacabilem
1214 1972 1320 2021 numinis
1327 1986 1382 2034 erga
1392 1986 1436 2021 nos
1446 1975 1471 2021 ct
1480 1975 1629 2036 pertinacem
1639 1976 1682 2024 irai

995 2081 1059 2116 mam
1079 2068 1151 2128 mibi,
1166 2070 1195 2115 ιιι
1206 2067 1285 2127 scitis,
1298 2070 1322 2115 et
1335 2066 1462 2128 genuinam
1476 2066 1562 2126 filiam,
1580 2081 1628 2116 una
1642 2083 1682 2116 cur

994 2162 1084 2211 salibus
1097 2163 1188 2211 tacibus
1199 2162 1314 2211 exstinxit
1328 2181 1334 2209 :
1348 2166 1448 2211 matrem
1462 2163 1682 2227 praedoime,que1

996 2260 1033 2306 rat
1046 2271 1076 2306 ετ
1090 2257 1153 2305 illius
1161 2260 1252 2316 mo‘rte,
1263 2257 1335 2306 simul
1345 2256 1448 2306 abduxit
1459 2278 1465 2306 ι
1477 2272 1516 2307 me
1526 2261 1602 2321 patria
1614 2273 1677 2322 enpu

995 2353 1063 2400 erant
1072 2351 1153 2400 onmia
1163 2351 1305 2411 tolerabilia,
1318 2355 1372 2413 post
1382 2351 1513 2402 Chariclen
1521 2353 1682 2403 inventionem

997 2445 1068 2493 riclea
1083 2446 1142 2493 nnibi
1155 2446 1205 2494 rita
1218 2449 1284 2505 erat,
1298 2459 1352 2508 spes
1363 2448 1388 2494 et
1407 2446 1525 2495 successio
1536 2448 1645 2509 generis:
1664 2450 1682 2496 C

996 2539 1166 2590 missaticum
1180 2543 1205 2588 et
1218 2545 1246 2588 ut
1258 2541 1291 2589 ita
1306 2540 1385 2589 dicam
1398 2554 1495 2590 ancora.
1526 2543 1556 2589 Et
1576 2541 1638 2590 baoc-
1651 2542 1682 2591 ab

996 2633 1110 2692 abstulit,
1132 2633 1304 2695 qrrodcumque
1319 2635 1364 2694 sit,
1385 2635 1449 2696 quud
1471 2648 1511 2684 me
1525 2635 1629 2694 invasit,
1647 2638 1682 2685 ter

996 2729 1039 2775 aut
1058 2724 1282 2787 dumonium,tnec
1297 2728 1395 2790 quidem
1414 2728 1561 2790 simpliciter,
1578 2742 1656 2791 neque
1675 2731 1682 2777 t

996 2820 1037 2871 scd
1049 2833 1098 2883 ηιιο
1111 2824 1220 2884 tempure
1231 2821 1359 2870 consuerit
1373 2822 1539 2883 intempestiue
1548 2824 1573 2870 el
1581 2821 1682 2871 crudelit

997 2916 1135 2977 insultare),
1149 2916 1323 2979 propemodum
1344 2916 1374 2964 nb
1389 2917 1445 2978 ipsis
1459 2916 1584 2978 thalamis,
1604 2931 1681 2980 nuper

998 3010 1065 3059 subis
1075 3011 1186 3060 omnibus
1197 3010 1312 3072 inruente
1326 3010 1480 3059 denuntiatis.

1027 3110 1079 3157 xx.
1094 3107 1179 3157 Adbuc
1187 3105 1307 3154 dicentem
1318 3107 1342 3153 el
1353 3108 1432 3153 totum
1446 3105 1469 3152 in
1481 3105 1573 3153 luctum
1585 3119 1599 3152 n
1609 3119 1682 3167 propo

997 3207 1130 3267 tabentem,
1143 3205 1194 3253 dux
1206 3204 1316 3264 Hegesias
1331 3204 1458 3253 collibebat
1468 3207 1492 3253 et
1507 3204 1648 3266 amovebat,
1662 3209 1682 3254 et

996 3308 1038 3368 qui
1048 3307 1144 3367 adestis,
1155 3307 1242 3369 inquit,
1253 3306 1356 3356 clrnricli
1368 3307 1465 3367 quidem
1475 3311 1499 3356 ct
1511 3320 1575 3356 nunc
1584 3309 1609 3356 et
1618 3310 1682 3369 poste

997 3408 1091 3470 licebit;
1107 3422 1151 3458 nos
1164 3421 1222 3458 nero
1236 3423 1285 3458 non
1307 3422 1443 3470 mergamur
1457 3410 1528 3471 liujus
1545 3410 1641 3471 dolore,
1658 3425 1682 3460 ιιι

997 3512 1145 3562 considerate
1160 3513 1224 3562 itlius
1239 3513 1354 3572 lacrimis,
1369 3517 1483 3576 tunquam
1496 3526 1566 3576 aqum
1581 3515 1681 3577 impetu,

997 3629 1061 3675 mur,
1074 3615 1224 3664 occasionem
1234 3616 1393 3678 negligentes,
1407 3631 1463 3678 quae
1474 3630 1529 3666 cum
1540 3618 1653 3666 omnibus
1663 3618 1682 3666 ir

997 3722 1049 3767 tum
1060 3718 1162 3767 inbellis
1176 3719 1309 3766 maximum
1324 3723 1474 3768 momentum
1484 3720 1564 3770 babel.
1598 3723 1682 3770 itamn

998 3817 1047 3877 bis,
1066 3832 1095 3867 es
1115 3819 1229 3868 concione
1241 3820 1399 3877 exorantibus,
1412 3833 1466 3882 spes
1480 3823 1516 3869 est
1532 3821 1612 3882 aliqua
1625 3820 1682 3871 bost«

997 3915 1182 3976 comprehendi,
1200 3915 1273 3975 dum,
1290 3920 1317 3964 nt
1331 3917 1438 3966 securius
1450 3918 1495 3965 iter
1510 3919 1683 3976 iaciant,etl1ci

997 4011 1125 4070 apparatus
1132 4010 1261 4057 cunctatio.
1296 4010 1366 4066 Quod
1376 4011 1395 4058 si
1405 4010 1485 4058 adtruc
1495 4012 1648 4072 miserantes,
1661 4027 1682 4061 ιι

998 4101 1109 4149 rrirntiebri
1116 4104 1184 4161 gestu
1195 4101 1356 4164 deplorantes,
1368 4104 1520 4153 cunctatione
1530 4106 1648 4165 majorem
1659 4107 1682 4155 ill

997 4199 1071 4244 tatem
1090 4196 1120 4242 ad
1135 4196 1298 4257 effugiendum
1315 4197 1503 4259 pl‘aebttt‘rimlls,
1521 4200 1579 4249 nillil
1600 4200 1682 4261 aliud,

997 4289 1146 4350 irrideamur,
1163 4290 1236 4353 idque
1253 4291 1284 4338 ab
1309 4293 1506 4355 adolescentulis,
1533 4296 1682 4357 relinquitun

996 4399 1039 4446 ego
1050 4385 1089 4434 aio
1106 4385 1286 4446 quamprimum
1302 4388 1500 4448 comprehensos,
1516 4389 1581 4437 cruci
1600 4390 1682 4451 attigi«

996 4483 1019 4526 et
1030 4478 1146 4541 quosdam
1158 4492 1188 4527 en
1199 4478 1243 4527 iliis
1254 4479 1380 4540 ignominia
1390 4481 1462 4540 uilici,
1475 4483 1589 4532 translata
1599 4484 1672 4532 etiam

998 4574 1053 4622 iiam
1074 4588 1151 4635 poena.
1186 4577 1237 4623 lloc
1252 4579 1333 4622 autem
1345 4576 1414 4625 tacite
1427 4577 1477 4625 lieri
1494 4579 1580 4640 possit,
1600 4578 1619 4626 si
1635 4581 1664 4628 nd

997 4671 1086 4720 tionem
1108 4672 1312 4721 conrnmverimus
1332 4673 1456 4722 Thessalos
1480 4675 1626 4723 contraires
1648 4676 1682 4738 ips

997 4765 1123 4825 etiugcriul
1147 4768 1171 4813 et
1192 4779 1275 4814 eorum
1300 4770 1420 4828 posteros,
1435 4768 1604 4818 interdicentes
1622 4770 1668 4820 iliis

996 4871 1064 4906 sacru
1079 4858 1195 4918 legatione
1207 4863 1230 4909 et
1239 4860 1310 4921 justis
1322 4860 1461 4910 torminibus
1473 4863 1566 4922 inuritis,
1580 4867 1603 4911 ct
1616 4867 1643 4912 ut
1655 4878 1682 4912 uu

996 4952 1051 5002 blici
1065 4961 1146 5003 surrrtu
1159 4957 1210 5003 lunc
1225 4958 1281 5006 tiani
1296 4957 1457 5007 decernentes.

1027 5051 1091 5097 xxi.
1105 5052 1167 5097 Cum
1183 5049 1234 5098 ireoc
1248 5050 1327 5098 adbuc
1343 5052 1537 5102 collaudarentur
1553 5057 1577 5102 et
1589 5053 1682 5106 decret<

996 5138 1225 5200 corriproburenlur:
1236 5141 1523 5205 Contirmelursentirngiis
1534 5144 1627 5205 vestris,
1640 5144 1680 5207 inq
