3726 5692
116 338 153 391 ἔνθ

166 473 201 535 Ἣ
214 477 293 554 γραῦς
305 472 332 532 δέ
342 473 432 532 λοιπὸν
448 470 612 550 δακρύουσαν
626 471 745 550 όρθρόθεν

163 567 368 643 παρηγορεῖσθαι
381 560 430 632 την
444 560 524 638 κόρην
538 559 709 639 πειρωμένη,

126 672 151 711 rs
162 650 275 732 ίφασκε·
288 678 299 702 ι
315 655 397 728 Δεῦρο
409 693 417 721 ,
429 648 528 721 τέκνον,
545 647 685 724 ἐξάγγελλέ
696 669 754 723 μοι·

162 768 175 792 ι
187 740 277 817 πόθεν,
290 738 359 799 τίνοι
369 737 400 797 σθ
412 784 421 813 ,
434 736 479 796 καί
492 736 586 817 πατρίς
596 736 635 804 τίς
644 735 689 795 καί
699 737 784 811 πόλις,

164 855 176 881 α
190 829 228 894 τίς
241 827 269 886 δν
281 829 418 902 Χαρικλῆν
432 824 610 903 έγκαλουμένη
626 824 738 895 στένεις;

161 943 173 969 ι
190 918 297 983 Πενθεῖς
311 914 333 973 δ’
348 916 469 991 ἀγεννῶς,
481 913 527 972 καὶ
539 911 669 980 στενάζεις
681 912 813 992 ἀφρόνως,

165 1032 176 1056 ι
191 1004 234 1062 τὸν
249 1003 423 1078 Καλλιδήμου
437 1001 522 1079 γάμον
536 1003 564 1059 ού
580 999 741 1077 δεδεγμένη,

123 1114 150 1152 ιιι
163 1120 174 1145 ο
191 1090 217 1157 θς
227 1089 291 1171 ὑπὲρ
307 1091 400 1155 ἄλλους
411 1088 468 1154 τοὺς
478 1088 613 1154 κατοίκους
625 1086 715 1144 ἐνθοίδε

163 1209 175 1232 ε
189 1181 284 1259 ὡραῖός
301 1181 357 1236 ἔστι
375 1176 420 1235 καὶ
432 1176 525 1247 τέθηλε
537 1174 648 1255 χρυσίῳ.

165 1298 177 1321 ιι
195 1272 253 1330 Οὐκ
268 1258 326 1344 εῦγι
340 1273 433 1338 ποιεῖς,
448 1254 470 1323 ὦ
487 1264 608 1336 πένησσα
622 1264 667 1322 καί
680 1261 759 1341 ξένη,

163 1384 176 1409 ι
191 1358 214 1415 εἷ
233 1355 404 1429 Χαλλίδημον
419 1356 511 1431 εὐγενῆ
525 1352 628 1411 νεανίαν

156 1474 168 1497 α
186 1447 232 1503 ούκ
248 1444 316 1513 ἄξιόν
335 1466 374 1501 σοι
387 1446 553 1518 συμμιγῆναι
569 1446 614 1499 νῦν
626 1441 758 1520 κρίνεις.»

123 1556 150 1594 ει
163 1538 221 1604 Τῆς
235 1534 262 1591 δὲ
274 1532 419 1611 Δροσιλλης
432 1535 475 1589 τοῦ
489 1533 577 1589 λαλεῖν
590 1529 778 1609 ἀπηργμένης,

166 1649 179 1674 ¹
195 1625 298 1683 Μαθεῖν
311 1618 368 1681 tusi
380 1623 464 1690 ζητεῖς
477 1643 520 1695 με,
534 1622 629 1698 μῆτερ,
645 1617 692 1690 τὴν
705 1618 777 1690 ξένην

163 1734 178 1770 (ι
194 1709 227 1769 sd
239 1709 297 1768 κατ’
310 1707 426 1786 ἐμαυτὴν
441 1707 487 1767 καί
501 1708 534 1766 τὰ
545 1711 590 1766 τοῦ
601 1706 760 1786 Χαρικλέος·
780 1735 791 1756 ν

162 1801 272 1873 ἤκουσεν
285 1802 298 1856 θ
313 1799 476 1877 Κλέανδρος·
489 1796 553 1867 ἔστη
565 1801 611 1854 τοῦ
622 1797 739 1875 δρόμου·

163 1888 246 1968 ἡγὰρ
262 1888 411 1966 Χαρικλοῦς
425 1886 518 1955 κλῆσις
530 1883 593 1963 ἔσχε
609 1884 652 1941 τὸν
667 1882 724 1942 νέον

122 1980 307 2057 αοέμπροσθεν
323 1975 480 2055 ἐκτρέχοντα
495 1979 542 2032 τοῦ
553 1973 714 2055 Χαρικλέος·

162 2068 206 2125 καὶ
226 2089 241 2125 ιι
253 2065 317 2137 Δδς,
330 2064 490 2141 Χαρίκλεις,
501 2066 549 2133 τῆς
562 2071 647 2141 χαρᾶς
656 2061 702 2127 τὰς
713 2062 807 2140 ἐγγύας

162 2179 177 2214 (ι
191 2158 249 2234 ἐμοὶ
263 2153 406 2233 Κλεάνδρῳ
420 2150 675 2229 συνταλαιπωροῦντί
689 2174 747 2224 σοι,
759 2173 774 2208 ιι

162 2246 284 2327 στραφεὶς
302 2248 365 2322 πρὸς
378 2243 456 2301 αὐτόν
469 2243 534 2323 φησί
546 2244 590 2301 τὸν
599 2243 746 2317 Χαρικλέα,

162 2335 190 2394 δν
204 2335 249 2392 καί
261 2331 452 2402 κατεξέπληξεν
465 2331 538 2409 αύτῷ
548 2333 585 2410 τῷ
596 2331 684 2408 λόγῳ,

122 2445 148 2484 ns
162 2423 189 2483 ὃν
202 2423 247 2480 καὶ
261 2419 421 2497 κατεθρόησε
434 2422 466 2498 τῇ
481 2422 554 2496 φωνῇ
570 2419 647 2495 μόνη.

158 2511 295 2570 Ἐντεῦθεν
311 2506 454 2571 ἀντιδόντες
471 2505 593 2575 ἀλλήλοις
607 2504 703 2583 χέρας,

162 2600 235 2679 ἄφνω
249 2594 483 2674 παρεμόύλλσυσιν
495 2595 562 2670 αὐτῇ
577 2597 609 2672 τῇ
625 2593 715 2671 στέγῃ,

162 2679 193 2758 ἧς
207 2685 278 2742 ἔνδον
292 2688 309 2752 ἡ
320 2686 410 2761 γραῦς,
423 2686 439 2752 ἡ
451 2681 583 2759 φίλοικτος
594 2683 703 2760 καρδία,

161 2771 228 2846 μετὰ
241 2770 387 2850 Δροσίλλης
402 2772 527 2845 ἐμπαθῶς
541 2768 712 2847 προσωμίλει.

120 2881 147 2921 ιιι
159 2859 241 2930 Φωνὴ
255 2855 352 2935 μεταξύ
367 2860 502 2937 χαρμονῆς
514 2856 558 2914 καὶ
573 2857 704 2936 δακρύων,

157 2952 255 3029 χειρῶν
267 2946 366 3026 κρότος,
378 2949 453 3024 θροῦς
464 2945 510 3003 καί
522 2944 676 3027 φιλημάτων
689 2945 792 3018 κτύπος,

158 3040 270 3116 ἄμετρος
284 3035 382 3114 όμῦρος
393 3035 511 3112 ἐκραγεὶς
522 3037 574 3092 τῶν
586 3035 726 3110 ὀμμάτων,

160 3128 223 3207 πρὸς
234 3126 277 3184 τὸν
292 3123 415 3200 Σεμέλης
427 3124 539 3203 φθόγγος
554 3124 735 3204 εὐχαριστίας,

159 3214 236 3274 καλοὶ
249 3213 296 3289 μὲν
308 3215 344 3276 εἰς
354 3216 436 3290 γραῦν
452 3214 481 3268 ἐκ
494 3211 640 3289 Χαρικλέος
650 3212 723 3288 λόγοι

120 3326 148 3365 le
161 3306 226 3382 θπὲρ
238 3301 383 3380 Δροσίλλης
397 3302 448 3356 τῶν
464 3298 690 3379 φιλοξενημοίτων,
718 3351 722 3362 ,

161 3394 246 3460 πολλὴ
263 3390 289 3447 δὲ
302 3390 364 3466 πρὸς
380 3388 529 3465 Κλέανδρον
548 3388 701 3465 εὐχαριστία

163 3482 214 3539 ἀπὸ
230 3479 374 3558 Δροσίλλης
386 3481 432 3546 τῆς
444 3477 551 3555 ἀρίστης
565 3475 692 3555 παρθένου

158 3574 208 3629 τῶν
221 3571 284 3645 πρὸς
298 3568 432 3645 Χαρικλῆν
448 3565 763 3642 συγκακοπραγημοίτων·

159 3663 274 3723 τοιοῦτος
287 3647 318 3726 ἦν
330 3660 403 3730 θροῦς
416 3657 442 3711 ἐν
458 3653 530 3732 μέσῳ
545 3657 595 3710 τῶν
610 3651 743 3730 τεσσάρων

23 3788 25 3793 -
120 3772 146 3808 50
160 3746 305 3822 σύμμικτος
317 3741 396 3806 ὄντως
411 3746 544 3819 χαρμονῆς
559 3748 603 3797 καὶ
618 3740 747 3819 δακρύων.

162 3839 203 3895 Οὐ
216 3834 267 3908 μὴν
281 3836 294 3888 b
307 3831 476 3904 Χοιλλίδημος
490 3829 604 3907 ἠγνόησέ
615 3853 649 3886 τι.

102 3985 106 3991 ,
160 3922 329 3982 Ἀποσκοπῶν
342 3909 385 3975 ούν
400 3920 458 3975 καθ’
472 3915 565 3974 ἑαυτὸν
581 3918 699 3997 ἀφρόνως

161 4010 265 4089 δράσειν
279 4008 378 4087 φόνειον
394 4009 467 4081 ἔργον
474 4009 514 4087 ,εἷς
525 4007 661 4085 Χαρικλέα

161 4097 388 4176 ἀτραυματίστως,
400 4096 429 4152 ού
442 4091 685 4174 καθῂματωμένως.

120 4211 145 4248 ss
159 4190 194 4252 ιὐς
208 4184 364 4263 εύστοχησοι
380 4188 425 4255 τῆς
442 4184 587 4262 Δροσίλλης
601 4184 643 4241 τὸν
656 4185 749 4260 γόμον,

159 4275 248 4334 ἔλαθεν
261 4278 332 4351 αύτῷ
343 4273 387 4330 τὸν
399 4276 494 4350 βρόχον
509 4269 676 4349 παραρτύων.

161 4364 211 4431 Ὡς
224 4354 274 4421 εἶδε
288 4361 309 4419 δ’
325 4351 395 4426 αὖθις
409 4360 501 4435 γνόντα
512 4359 555 4416 τὸν
569 4360 710 4439 Χαρικλέα

158 4453 205 4519 τὴν
221 4457 267 4521 τῆς
281 4450 359 4528 κόρης
369 4447 454 4528 ἄφιξιν
466 4449 492 4503 ἐν
507 4449 544 4525 τῷ
554 4448 644 4527 χωρίῳ

159 4542 210 4620 πρὸ
221 4545 267 4598 τοῦ
277 4537 408 4616 πραθῆναι
424 4534 467 4593 τὸν
478 4535 656 4610 σκοπούμενον
674 4537 758 4612 δόλον,

116 4653 144 4689 oo
159 4625 338 4691 ἀπαυθαδίσας
348 4623 374 4692 ἐξ
386 4623 564 4703 ἕρωτυμανίας

162 4716 224 4796 πρὸς
239 4712 361 4791 ἁρπαγὴν
373 4711 482 4791 ὥρμησε
494 4711 705 4791 ληστικωτέραν·

157 4808 204 4863 οὐκ
219 4803 345 4881 αἰσχύνην
359 4800 410 4880 γὰρ
425 4792 477 4858 οἶδε
490 4802 615 4865 πολλάκις
626 4799 704 4879 ἔρως·

160 4895 264 4950 σκοπῶν
277 4890 303 4947 δὲ
314 4889 404 4955 νυκτὸς
420 4889 487 4966 ἀμφὶ
501 4888 548 4958 τὴν
563 4889 675 4968 ἐρημίαν

159 4982 321 5038 ἐπεισπεσεῑν
334 4980 456 5056 ἄγνωστα
466 4986 517 5042 τοῖς
528 4980 650 5048 νεανίαις,

119 5091 144 5128 se
159 5069 226 5147 ἔχων
242 5067 288 5124 σύν
304 5067 432 5146 αὐτῷκαὶ
448 5065 586 5137 συνήλικας
599 5065 684 5136 νέους,

158 5161 193 5224 ὡς
206 5157 280 5226 δῆθεν
296 5154 377 5225 αὐτὴν
388 5154 435 5225 τὴν
447 5156 525 5234 κόρην
543 5153 714 5233 ἀφαρπίσων·

795 343 951 404 ιιιιιιιοιι
972 345 1005 405 z.
1101 328 1105 333 '

870 523 872 527 <
897 488 903 559 Ι
951 505 1019 550 Anus
1038 513 1095 550 rero
1111 504 1247 564 gementem
1256 502 1307 566 jem
1323 516 1339 552 ε
1357 505 1464 556 diluculo
1478 506 1587 569 puellum
1610 509 1697 573 ulloqui

898 572 903 675 ἱ
921 588 1007 648 rolult,
1022 593 1056 648 et,
1069 607 1082 631 ι
1093 592 1147 639 Ηιιο
1161 590 1232 651 edes,
1245 610 1258 634 ιι
1267 591 1347 654 inquit
1358 611 1372 636 ι
1384 592 1449 656 tilis,
1459 596 1707 658 bermendesie,

898 683 902 765 γ
921 695 934 719 ι
948 676 1024 740 etqui
1035 678 1110 738 peter,
1124 691 1180 740 quse
1189 680 1279 742 putris,
1291 680 1458 745 qnaedsites3
1470 684 1574 747 quisset
1587 685 1709 738 clericis

899 771 902 841 γ
922 782 934 805 ι
948 762 990 813 ilie
1004 776 1077 825 quern
1093 765 1170 827 gemis
1185 766 1305 817 ίιισιιιιιιιι.

898 850 902 909 l
953 870 965 894 α
981 855 1083 915 ignarus
1093 856 1131 903 est
1146 854 1192 904 iste
1204 854 1273 905 dolor
1288 857 1420 920 iussusque
1441 862 1484 909 tue
1506 862 1625 911 mentitis
1638 862 1708 913 nuli·

899 926 902 967 ¹
921 958 934 983 α
949 939 1048 990 demum
1063 955 1163 1005 procum
1172 943 1308 1006 abnuentis,
1319 946 1361 1009 qui
1373 947 1487 998 omnibns
1502 948 1606 1012 bnjnsee
1618 951 1663 1000 ioci
1675 951 1708 1003 ir

898 980 902 1091 ί
921 1049 934 1071 ι
946 1029 1005 1079 eolis
1016 1031 1138 1093 pulchrior
1147 1035 1193 1094 est,
1202 1031 1341 1097 divitiisque
1349 1040 1405 1085 sule
1412 1035 1473 1086 silos
1483 1037 1705 1090 iiorentiororunes.

899 1126 902 1151 ι’
951 1137 964 1160 ι
977 1121 1030 1168 Nou
1045 1125 1108 1170 reete
1117 1120 1177 1183 egis,
1187 1122 1331 1185 paupercule
1344 1127 1371 1173 tu
1383 1127 1408 1173 et
1422 1125 1529 1189 besprts,
1545 1127 1705 1179 callidemun

899 1200 901 1269 i
921 1217 934 1239 α
946 1198 1051 1249 nobilem
1060 1199 1174 1260 juvenem
1183 1214 1240 1264 quse
1254 1205 1297 1252 tuo
1306 1216 1355 1253 nou
1366 1203 1472 1266 digneris
1481 1206 1569 1256 cubili.
1585 1227 1598 1249 ι

898 1286 901 1305 ⁴
951 1289 996 1337 cui
1006 1288 1108 1339 Drusilla
1120 1290 1263 1354 respondere
1277 1291 1329 1342 lunt
1345 1307 1352 1341 ε
1367 1312 1379 1336 ι
1394 1297 1465 1343 Arne
1478 1295 1596 1358 quouiern
1610 1295 1703 1361 bospite

921 1396 933 1418 <t
947 1376 1049 1440 discere,
1065 1381 1150 1439 muter,
1163 1381 1232 1443 eupis
1244 1394 1357 1432 rennuens
1368 1382 1534 1433 noctuinis.
1550 1403 1563 1427 ι

950 1805 1048 1854 Audiuit
1064 1805 1182 1856 cleender
1199 1809 1225 1856 et
1235 1818 1333 1869 eursupn
1347 1806 1484 1867 continuit,
1497 1821 1557 1857 nem
1574 1810 1638 1860 torte
1651 1818 1705 1860 sule

919 1892 1053 1943 Chariclem
1068 1893 1197 1955 currebat,
1213 1897 1285 1957 elque
1304 1894 1375 1943 sinici
1390 1908 1478 1946 nornen
1496 1897 1609 1960 progredi
1628 1899 1704 1961 ipsum

919 1995 968 2032 nou
981 1984 1071 2033 sineret
1088 1998 1095 2031 :
1110 1985 1134 2033 et
1149 2002 1161 2026 ι
1176 1983 1311 2043 Charicles,
1334 2004 1346 2028 ν
1368 1985 1402 2034 eit
1417 1984 1449 2034 sd
1468 1985 1540 2035 illurn
1557 2000 1706 2049 οοιιταειιι,

920 2090 932 2114 s
947 2073 1060 2134 promitte
1071 2072 1206 2134 Cleandro,
1221 2075 1334 2136 promitte
1345 2075 1435 2126 doloris
1448 2075 1485 2124 tui
1497 2076 1613 2140 participi
1627 2079 1652 2127 te
1659 2076 1706 2138 jen

897 2192 900 2216 ,
920 2179 932 2202 ι
948 2161 1100 2210 iorelaetum.
1112 2181 1125 2203 ν

918 2249 953 2299 ld
966 2249 1018 2299 baec
1031 2251 1158 2314 obstupuit
1172 2252 1294 2302 cbsrleles
1305 2253 1357 2315 ipso
1369 2254 1437 2303 rseis
1450 2253 1593 2317 obstrepere
1608 2258 1706 2304 eostur·

898 2352 899 2359 ¹
918 2336 990 2387 belus
1002 2352 1071 2388 sono.

897 2454 900 2479 ι
949 2429 1053 2490 dumque
1066 2432 1161 2491 erreplu
1178 2430 1238 2479 ulier
1252 2430 1351 2479 oilerius
1363 2444 1452 2493 ιιιαιιυ,
1465 2432 1590 2494 protinus,
1606 2432 1705 2483 domurn

918 2517 1009 2564 intrent
1028 2517 1069 2565 ubi
1084 2516 1146 2567 bono
1167 2517 1208 2567 ille
1218 2531 1280 2567 enus
1296 2532 1351 2567 curu
1364 2518 1468 2568 Drosiils
1487 2521 1566 2570 uruiee
1577 2521 1707 2571 eonlebuie

897 2580 900 2657 ί
919 2600 998 2651 batur.
1010 2607 1088 2654 voees
1103 2604 1191 2666 geudio
1205 2605 1282 2667 plener
1293 2609 1318 2656 et
1329 2606 1451 2669 lucrymis,
1466 2620 1584 2657 ιιιειιυιιιιι
1596 2610 1707 2673 comple

898 2662 900 2703 ί
917 2690 971 2749 sio,
983 2691 1121 2741 osculorum
1137 2695 1162 2742 et
1181 2706 1293 2742 murmur
1315 2696 1341 2744 et
1361 2707 1448 2755 sonus,
1466 2695 1544 2746 imber
1562 2697 1659 2748 multus
1678 2713 1706 2749 ει

897 2830 899 2837 ,
917 2779 1129 2842 oeullspronueus,
1138 2782 1212 2831 verbe
1222 2782 1446 2833 insemelesliiium
1455 2785 1517 2846 greti
1528 2784 1706 2845 euimiindieis,

897 2894 900 2946 γ
918 2867 1033 2917 blandum
1048 2869 1167 2920 Clrerielis
1185 2871 1216 2919 ud
1230 2871 1350 2921 antonium
1369 2872 1505 2935 alloquium
1522 2874 1556 2923 ob
1573 2876 1706 2939 ρτιιεθιιιιιι

897 2994 901 3019 ,
918 2957 1028 3005 Βιυειθισ
1044 2958 1185 3019 nospitium,
1197 2962 1221 3007 el
1237 2958 1345 3008 Drosiiire
1358 2958 1459 3020 optime
1472 2959 1566 3021 puelle
1577 2960 1610 3009 ed
1621 2961 1707 3011 clenn-

897 3031 901 3109 ζ
917 3044 989 3094 drum
1006 3045 1038 3094 ob
1054 3047 1157 3096 amioum
1169 3060 1226 3096 euru
1240 3046 1349 3097 cirurieie
1370 3047 1490 3097 nidorum
1505 3050 1707 3100 consortionem:

897 3116 899 3121 ’
919 3133 974 3182 laus
992 3134 1053 3184 inter
1075 3136 1146 3185 nosse
1166 3138 1298 3199 quaternos
1317 3136 1432 3186 ωιιιωι
1457 3136 1607 3188 rouretum
1622 3138 1709 3188 ιειιιιι

897 3206 899 3213 ’
917 3223 943 3271 et
954 3222 1116 3285 lacrymarum
1126 3225 1253 3276 tumultus.

897 3848 899 3853 ’
949 3851 996 3897 Nes
1006 3846 1165 3896 callidemum
1177 3845 1230 3893 brec
1241 3844 1368 3893 latuerunt.

895 3959 898 3968 ·
949 3940 1008 3986 Nem
1023 3948 1105 3984 seeum
1116 3934 1206 3983 insulse
1216 3932 1330 3994 reputans
1338 3931 1380 3992 qui
1394 3933 1474 3992 posset
1484 3930 1541 3978 sine
1551 3931 1657 3981 uulnere
1669 3945 1717 3981 σεε·

896 4048 898 4091 ;
916 4026 994 4087 deque
1006 4029 1107 4073 mortem
1120 4021 1223 4072 cbarieii
1240 4020 1341 4078 interre,
1353 4022 1381 4067 ut
1394 4017 1527 4067 Drusillam
1544 4020 1596 4069 sibi
1615 4024 1717 4084 nuptum

895 4166 897 4170 ,
917 4114 1030 4174 heberet;
1046 4125 1093 4161 non
1105 4109 1223 4160 sentiebat
1236 4111 1313 4172 ipsum
1323 4122 1348 4156 se
1359 4106 1403 4155 sibi
1418 4105 1536 4167 ieqneurn
1547 4108 1688 4171 disponere

895 4202 897 4229 ²
947 4205 977 4251 lit
986 4201 1040 4249 dein
1048 4199 1169 4249 intellecto
1183 4196 1327 4255 citeriolem,
1341 4193 1480 4255 priusquam
1492 4193 1666 4246 instrueretur
1675 4198 1719 4247 do·

895 4294 897 4355 g
918 4291 969 4347 lus,
984 4290 1124 4350 cognovisse
1135 4284 1307 4350 puellaelellrue
1322 4283 1512 4340 eduentnm,ex
1529 4281 1620 4335 lurore
1628 4287 1720 4335 erotieo

916 4378 993 4427 ineius
1004 4376 1117 4426 undosior
1129 4374 1159 4425 ed
1173 4377 1302 4436 repinmse
1316 4370 1419 4421 occlusit
1430 4369 1563 4423 latronum
1577 4374 1631 4426 rilu
1642 4388 1720 4425 more

894 4452 971 4529 ique.

894 4611 896 4620 Ι
947 4554 1041 4603 Etenim
1053 4567 1118 4614 seepe
1129 4552 1246 4615 pudorem
1264 4549 1359 4612 projicit
1370 4559 1467 4597 omnem
1483 4560 1570 4598 emor.

894 4782 897 4938 δ
949 4901 1031 4955 Quum
1048 4909 1105 4957 ergo
1121 4891 1246 4942 statuisset
1260 4903 1302 4954 per
1319 4888 1413 4939 silentia
1431 4888 1514 4937 noetis
1524 4902 1640 4950 prrueues
1656 4893 1718 4943 eisru

917 4987 1059 5050 opprimere,
1070 4982 1201 5033 ulrxlilnnte
1211 4979 1344 5030 emiserunt
1354 4975 1434 5037 turbe,
1446 4975 1610 5040 eiuirgiuem
1624 4994 1717 5044 rupere,

893 5146 898 5199 l
