3726 5692
707 361 819 420 LIBER
844 363 879 419 ll.
1542 375 1598 424 ⁴29

106 492 131 549 π’
143 492 264 571 ἐρημίας.
287 490 437 571 συνέκρινας
451 492 502 570 γὰρ
514 491 595 563 αὐτὴν
613 496 664 558 τοῖς
677 493 768 571 ἀγροί-

106 583 176 653 tlt,
198 581 305 660 ἐπείπερ
321 580 419 659 ἐπρίω,
445 582 532 659 βάδιζε
549 584 584 647 εἷς
598 579 644 652 τήν
660 582 767 661 ἄγοροίν.

106 693 125 736 ις
136 667 174 747 al,
188 673 202 726 θ
213 668 398 747 ἐμπειρότατος
410 673 461 726 τῶν
475 669 574 746 νόμων,
588 670 713 740 διοικήσει
723 669 769 735 τὰς

106 758 166 839 ροίς.
209 756 337 837 'agapen
361 762 499 825 θΛεωνᾶς
521 759 722 835 ἀπιστούμενος·
739 759 769 817 τδ

106 846 244 919 οσδόκητον
259 848 354 924 ἔμελλε
377 846 420 904 τὸν
446 845 574 917 δεσπότην
597 849 697 922 μᾶλλον
719 849 768 904 έκ-

106 961 120 997 ι.
142 935 252 1015 Παριὼν
265 935 292 993 δὲ
302 933 360 1001 τοθς
372 934 510 1007 Μιλησίων
523 935 629 1011 λιμένας
639 936 766 1011 ἅπαντας,

106 1023 222 1105 ’ραπέζας
234 1023 279 1081 καὶ
291 1023 337 1093 τήν
351 1024 425 1081 πόλιν
438 1021 513 1095 δλην,
525 1024 641 1101 οὐδαμοῦ
651 1024 767 1104 Θήρωνα

106 1111 210 1172 δύνατο.
261 1112 413 1191 Ἐμπόρους
437 1111 542 1182 ἐξήταζε
566 1116 611 1172 καὶ
634 1119 765 1193 πορθμεῖς·

119 1202 142 1259 θ’
166 1200 258 1268 οὐδείς.
302 1201 351 1260 Ἐν
366 1201 452 1278 πολλῇ
473 1203 557 1260 τοίνυν
577 1202 673 1284 ἀπορίογ
692 1202 767 1280 γενό-

107 1288 221 1367 ωπήρεις
241 1289 331 1348 λαόὼν
351 1288 530 1367 παρέπλευσεν
551 1290 593 1348 ἐπὶ
608 1289 655 1362 τήν
671 1288 767 1363 ἀκτήν,

110 1377 154 1436 ἐπὶ
166 1379 197 1436 τδ
209 1377 316 1457 χοιρίον.
361 1379 420 1437 Οὐκ
438 1377 531 1454 έμελλε
550 1377 576 1436 δέ
593 1377 711 1459 εὑρήσειν
724 1377 767 1435 τὸν

106 1488 173 1528 αντα.
217 1467 301 1532 Μόλις
324 1456 367 1524 σύν
388 1465 434 1523 καί
454 1466 569 1545 βραδέως
590 1468 690 1539 ἀπῆλθε
704 1467 768 1543 πρὸς

106 1554 189 1628 τότην.
227 1539 301 1611 Ἰδὼν
324 1554 347 1607 δ’
371 1552 447 1611 αὐτὸν
467 1557 481 1611 θ
500 1552 633 1621 Διονύσιος
654 1559 769 1634 σκυθρω·

106 1664 158 1719 tro,
183 1640 209 1699 τί
230 1641 369 1701 πέπονθεν.
390 1633 423 1698 ‘0
446 1641 474 1698 δέ
491 1664 582 1721 φησιν·
599 1641 768 1702 Ἀπολώλεκοί

106 1730 218 1803 έσποτα,
231 1730 368 1801 τάλαντον.
413 1729 575 1806 Συμόαῖνον,
587 1721 643 1788 εἶπε
656 1732 769 1791 δΔιονύ-

106 1817 255 1898 ραλέστερόν
268 1840 297 1875 σε
309 1822 385 1874 τοῦτο
395 1817 460 1896 πρὸς
470 1816 502 1873 ad
511 1815 589 1875 λοιπδι
601 1818 715 1889 ποιήσει.
733 1820 768 1880 Τί

106 1905 264 1984 ιυμόέόηκες
276 1904 339 1982 μήτε
351 1904 502 1977 ἡνειίινητος
514 1904 690 1985 ἀποδέδρακεν
699 1904 768 1983 ,Οὐκ

106 1995 195 2076 ρησλν,
209 1994 266 2053 ἀλλ’
281 1998 295 2052 o
310 1993 447 2065 πωλήσας.
493 1993 711 2073 Ἀνδραποδισιής
725 1994 766 2076 ἄρ’

106 2084 221 2162 λλοτρίαν
233 2107 274 2141 σοι
289 2082 408 2163 πέπρακε
418 2082 513 2155 δούλην
526 2081 645 2141 διὰτοῦτ’
656 2085 698 2141 ἐπ’
710 2085 768 2164 έρη-

106 2174 185 2231 Πόθεν
197 2172 219 2229 δ’
231 2172 303 2250 έλεγε
315 2169 363 2243 τήν
376 2171 510 2250 ἄνθρωπον
523 2161 607 2250 εἶναι,
625 2171 767 2251 Συόαρῑτιν

107 2260 165 2337 ίας,
188 2265 333 2341 πραθεῖσαν
354 2258 404 2317 ύπδ
419 2258 557 2330 δεσποίνης
570 2260 639 2318 κατὰ
657 2263 767 2333 ζηλοτυ-

106 2348 218 2420 timeor
240 2346 384 2427 Συόαρῑτιν
407 2348 431 2405 εί
448 2370 514 2413 τινες
535 2349 721 2424 ἐπιδημοῦσιν·
742 2351 767 2408 ἕν

106 2435 172 2505 :rofio
188 2439 243 2495 ἐκεῖ
257 2438 387 2495 κατάλιπε
402 2434 450 2507 τήν
464 2442 588 2513 γυναῖκα.
631 2437 701 2497 Τότε
721 2437 768 2513 μὲν

106 2534 178 2592 ῑωνᾶς
193 2528 293 2598 ἀπῆλθε
307 2523 482 2602 λυπούμενος,
501 2528 536 2592 ὡς
550 2527 597 2584 οὐκ
611 2527 768 2605 εὐτυχούσης

106 2614 165 2681 ἐίας
175 2616 247 2695 αύτῷ
256 2613 440 2691 γεγενημένης.
483 2612 627 2695 Ἐπιτήρει
641 2615 668 2673 δὲ
678 2615 767 2695 καιρὸν

106 2727 123 2763 ιι
136 2705 183 2762 τὸν
195 2704 324 2774 δεσπότην
335 2702 445 2771 ἐξελθεῖν
460 2704 495 2769 εἰς
508 2700 541 2760 τδι
554 2703 657 2783 χωρία,
673 2703 762 2763 λοιπὸν

106 2816 125 2849 ιν
142 2790 236 2852 έλπίδα
251 2789 298 2862 τήν
310 2790 368 2871 ὄψιν
383 2794 429 2861 τῆς
445 2789 575 2868 γυναικός.

106 2879 158 2960 ίρδς
175 2878 203 2938 dd
219 2877 267 2952 τήν
286 2879 452 2958 Καλλιρρόην
472 2880 590 2948 εἰσῆλθον
610 2879 637 2936 αἱ
651 2877 768 2959 ἄγροικοι

111 3014 119 3041 ,
135 2968 180 3027 καὶ
195 2968 269 3035 εύθδς
281 2972 316 3033 ὡς
328 2966 468 3025 δέσποιναν
480 2965 592 3046 ἤρξαντο
604 2967 766 3030 κολακεύειν.

106 3082 115 3115 ν
133 3055 176 3130 δὲ,
189 3061 205 3128 ἡ
220 3062 265 3115 τοῦ
285 3054 422 3130 οἰκονόμου
442 3053 525 3132 γυνὴ,
538 3058 603 3134 ζῷον
618 3056 665 3113 oda
687 3055 769 3134 ἄπρα·

107 3170 125 3218 η
139 3144 204 3226 πρὸς
215 3143 311 3216 αὐτήν·
325 3147 419 3215 Ζητεῑς
434 3141 497 3219 μέν,
511 3133 533 3202 όν
553 3142 651 3216 τέκνον,
665 3141 769 3210 πάντως

106 3238 168 3306 τῆς·
195 3232 265 3293 ἀλλὰ
290 3235 377 3298 καλῶς
400 3232 445 3290 καὶ
473 3232 563 3291 ένθοίδε
586 3231 675 3309 νόμιζε
698 3231 767 3299 σούς.

106 3346 116 3390 ς
135 3321 199 3403 γὰρ,
222 3327 237 3380 θ
261 3321 388 3394 δεσπότης
408 3322 494 3395 ἡμῶν,
514 3318 628 3400 χρηστός
647 3322 703 3378 ἐστι
723 3318 769 3378 καλ

106 3433 173 3478 υπος.
202 3411 331 3490 Εὐτυχῶς
345 3432 375 3468 σε
395 3407 494 3485 ἤγαγεν
506 3411 542 3474 είς
560 3406 690 3488 ἀγαθὴνδ
714 3407 768 3476 θεδς

119 3498 187 3559 ὥστε
204 3501 231 3559 ἔν
248 3496 355 3577 πατρίδι
373 3496 477 3565 διάξεις.
521 3495 573 3557 Ἐκ
597 3504 700 3575 μακρᾶς
724 3487 768 3555 ούν

106 3588 278 3656 :dammam
300 3585 348 3658 τὴν
370 3586 438 3644 ἄσιν·
482 3585 550 3665 ἔχεις
572 3583 766 3664 θεραπαινίδας.

106 3676 128 3735 la
138 3676 186 3736 καὶ
197 3676 235 3754 μή
249 3674 411 3756 βουλομένην
423 3674 558 3754 προήγαγε
572 3675 595 3732 δ’
611 3671 681 3749 ύμως
693 3675 728 3741 είς
739 3673 769 3732 τὸ

106 3789 132 3830 ν.
172 3767 347 3826 Εἰσελθοῦσαι
363 3764 385 3822 δ’
396 3762 507 3840 ήλειψοίν
518 3759 602 3819 τεκαὶ
614 3759 768 3836 ἀπέσμηξαν

106 3878 113 3919 ς
135 3852 181 3913 καὶ
204 3855 306 3930 μᾶλλον
328 3849 530 3928 ἀποδυσαμένης
550 3848 766 3925 κατεπλάγησαν.

107 3940 249 4018 διδομένης
273 3943 354 4012 αὐτῆς
377 3939 559 4019 θαυμάζουσαι
577 3937 607 3996 τδ
629 3935 769 4018 πρόσωπον

116 4029 256 4110 πρόσωπον
271 4028 361 4098 ἔδοξαν
373 4030 450 4088 ἰδεῖν·
465 4026 511 4086 καί
528 4024 579 4106 γδιρ
594 4023 666 4107 χρδνς
679 4025 769 4094 λευκθς

125 4116 198 4184 τύθθς
220 4120 384 4198 μαρμαρυγῇ
406 4138 456 4174 τινι
480 4114 569 4192 ὅμοιον
588 4111 766 4189 ἀπολοίμπων.

106 4203 157 4264 δέ
180 4203 260 4284 σθρξ,
282 4203 351 4264 ὥστε
373 4202 529 4275 δεδοικέναι,
552 4199 589 4279 μή
616 4200 662 4259 καὶ
681 4205 696 4271 ἡ
715 4204 768 4259 τῶν

106 4315 118 4349 ν
137 4290 226 4373 ίπαρὴ
251 4291 319 4371 μέγα
342 4296 449 4372 τραῦμα
467 4289 578 4367 ποιήσῃ.
604 4286 726 4367 ’Ἡσυχῆ
741 4286 769 4346 δδ

106 4401 119 4436 ν
132 4378 198 4459 πρδς
208 4380 341 4450 ἀλλήλας·
358 4378 436 4450 Καλὴ
450 4376 526 4454 μὲνὴ
542 4376 665 4435 δέσποινα
678 4378 768 4450 ήμῶν,

106 4466 227 4540 ιιύόητος·
257 4465 355 4540 ταύτης
383 4467 406 4526 δ’
430 4467 462 4524 ἂν
495 4466 645 4544 θεραπαινὶς
674 4462 768 4530 ἔδοξεν.

107 4558 156 4628 τήν
172 4555 340 4636 Καλλιρρόην
357 4559 371 4614 δ
385 4555 492 4621 ἔπαινος
507 4552 553 4612 καλ
569 4557 614 4612 τοῦ
631 4551 769 4627 μέλλοντος

106 4668 204 4713 ιτειιτος
218 4636 261 4718 ήν.
305 4644 383 4705 Ἐπεὶ
394 4647 417 4703 δ’
433 4642 553 4703 έλίλουτο
567 4640 612 4702 καί
624 4640 671 4710 τήν
684 4639 769 4718 κόμην

106 4757 172 4811 ιουν,
202 4731 321 4813 καθαρδις
348 4735 415 4813 αὐτῇ
439 4729 620 4814 προσήνεγκαν
641 4728 767 4799 leuatae·

106 4825 212 4904 πρέπειν
228 4823 300 4901 ἔλεγε
321 4827 405 4880 ταῦτα
426 4825 459 4901 τῇ
482 4817 614 4897 νεωνήτῳ.
660 4814 769 4877 Χιτῶνοί

120 4910 249 4971 δουλικύν·
293 4910 338 4969 καὶ
360 4909 412 4989 γδιρ
431 4912 504 4985 ὑμεῖς
537 4906 595 4966 ἐστέ
614 4927 664 4983 μου
684 4902 768 4985 κρείτ·

112 4998 274 5061 Ἔνεδύσατο
300 4995 347 5074 μὲν
372 4991 416 5057 ela
443 5020 469 5054 τι
496 4997 548 5053 τῶν
576 4991 768 5074 ἐπιτυχόντων·

106 5091 120 5147 l'
135 5087 248 5170 ἔπρεπεν
264 5089 331 5168 αὐτῇ
342 5086 387 5144 καλ
401 5083 540 5152 πολυτελές
551 5079 621 5152 έδοξε
634 5081 770 5158 καταλαμ-

110 5175 160 5235 ύπδ
172 5176 295 5245 κοίλλους.
339 5174 418 5236 Ἐπεὶ
431 5175 454 5232 δ’
469 5173 615 5252 ἠρίστησαν
631 5172 658 5229 αἱ
674 5173 768 5250 γυναῖ-

819 501 851 550 ibi
864 501 910 551 ista
927 503 1017 563 placuit
1029 503 1053 551 in
1068 502 1210 570 solitudine3
1226 503 1370 564 comparasti
1386 515 1492 564 namque
1506 504 1600 553 rusticis

813 600 867 649 illis.
902 601 948 651 Sed
961 600 1157 663 quandoquidem
1167 600 1259 659 emisti,
1272 601 1310 649 abi
1324 601 1349 650 in
1361 602 1449 652 lorum.
1474 603 1600 664 adrassus,
1685 656 1687 658 ,

812 701 892 762 legum
910 701 1115 760 consultissimus,
1135 701 1274 751 tabularum
1298 703 1502 764 consignationem
1524 704 1601 753 admi·

813 806 932 855 nistrabit.
965 807 1091 857 Gaudebat
1099 811 1203 868 Leonas,
1216 807 1287 856 tidem
1297 808 1398 857 sibinen
1411 808 1505 857 haberi.
1522 812 1602 872 inspe-

813 902 892 948 ratum
906 901 969 949 enim
983 915 1012 949 eo
1027 901 1102 962 magis
1121 902 1298 964 perculsurum.
1334 902 1394 961 Sed,
1408 915 1494 952 omnes
1514 917 1600 966 perva-

813 993 873 1042 dens
886 993 1033 1043 Milesiorum
1048 999 1133 1056 portus
1144 998 1169 1044 et
1180 996 1353 1058 trapezitarum
1368 1009 1478 1064 menam,
1490 1001 1514 1047 et
1526 1002 1602 1049 totam

812 1092 914 1154 urbem,
944 1106 1063 1155 nusquam
1088 1070 1225 1144 inveniebat
1254 1095 1400 1146 Theronem.
1440 1099 1601 1148 Mercatorum

814 1197 986 1257 rectorumque
1000 1208 1086 1256 nemo,
1099 1209 1161 1257 quos
1173 1196 1315 1259 explorabat
1328 1197 1464 1261 diligenter,
1479 1200 1601 1250 hominem

813 1299 924 1347 noverat.
964 1298 1151 1349 llaesilabundus
1172 1300 1255 1362 igitur,
1283 1300 1340 1362 quid
1360 1300 1465 1361 taceret,
1493 1305 1603 1365 correpta

812 1375 933 1458 actuaria,
943 1399 1034 1447 terram
1047 1399 1127 1460 legens
1137 1398 1168 1448 ad
1179 1401 1235 1450 litus
1244 1438 1251 1461 ,
1261 1401 1354 1451 indeed
1365 1403 1483 1465 praedium
1495 1403 1600 1452 vehitur.

814 1501 861 1552 Sed
872 1513 992 1562 nusquam
1005 1499 1186 1563 homo,rnedio
1195 1505 1245 1566 jam
1260 1506 1456 1556 marioberrans.
1488 1508 1536 1557 Vix
1549 1511 1602 1558 tan·
1681 1505 1684 1512 '

813 1601 868 1650 dem
883 1605 908 1652 el
920 1603 988 1656 tarde
1000 1603 1064 1656 redit
1075 1603 1106 1653 ad
1121 1603 1217 1655 oerum.
1251 1608 1345 1666 iterus,
1363 1608 1391 1656 ut
1405 1610 1518 1658 moestum
1533 1609 1602 1667 vidit,

813 1719 868 1768 quae
883 1718 966 1768 passm
978 1707 1053 1768 toret,
1069 1710 1145 1768 rogat.
1181 1708 1224 1756 lile
1247 1726 1253 1755 ε
1277 1706 1372 1756 Perdidi
1392 1707 1452 1768 tilii,
1466 1708 1536 1769 here,
1553 1709 1601 1767 ait,

813 1805 941 1855 talentum.
976 1807 1019 1868 llic
1037 1811 1061 1856 te
1083 1821 1154 1857 casua
1174 1808 1199 1856 iu
1220 1809 1344 1869 posterum
1365 1807 1448 1857 reddet
1462 1811 1602 1860 cautiorem.

814 1905 978 1969 tilldlominus
992 1907 1119 1970 eloquere,
1132 1907 1191 1970 quid
1205 1907 1313 1968 contigit
1347 1911 1431 1958 Nonne
1444 1921 1527 1958 recens
1538 1913 1602 1958 emta

813 2017 839 2054 se
848 2005 904 2067 tuga
915 2005 1052 2056 subtraxit?
1064 2011 1117 2058 lton
1129 2008 1184 2068 illa,
1194 2007 1236 2055 sed
1245 2007 1366 2060 seuditor.
1380 2009 1512 2070 plagiarius
1521 2010 1602 2073 itaque

814 2109 875 2171 tuit,
888 2109 992 2174 ideoque
1001 2112 1099 2161 remotis
1111 2111 1206 2161 arbitris
1216 2124 1309 2161 serram
1319 2111 1364 2162 tibi
1375 2113 1483 2163 vendidit
1490 2114 1600 2164 alienam.

814 2215 882 2264 Unde
896 2219 978 2265 autem
991 2215 1057 2265 illam
1070 2214 1133 2265 dixit
1151 2217 1218 2265 esse?
1235 2215 1396 2278 sybaritidem
1414 2217 1477 2267 dixit
1490 2231 1556 2281 esse,
1572 2233 1603 2268 ex

813 2309 898 2371 ltalia,
913 2308 1036 2359 venditam
1050 2323 1065 2359 a
1077 2308 1192 2368 domina,
1210 2310 1371 2360 aemulationis
1391 2324 1484 2361 caussa.
1517 2317 1604 2371 Quaere

813 2403 885 2466 igitur
899 2404 919 2454 si
940 2403 982 2467 qui
1002 2403 1082 2454 adsint
1099 2403 1225 2465 Sybaritae.
1260 2404 1358 2454 interim
1376 2404 1410 2453 ibi
1427 2405 1508 2469 linque
1521 2407 1604 2457 mulie·

813 2511 874 2548 rem,
908 2497 949 2548 Sic
962 2498 1039 2547 tristis
1050 2501 1103 2547 tam
1119 2496 1217 2560 quidem
1233 2495 1315 2547 abibat
1333 2500 1440 2562 tecum,
1457 2499 1604 2564 inauspicata

813 2591 858 2642 sibi
882 2593 1044 2654 negotiatione
1072 2592 1143 2642 tacta
1189 2593 1307 2642 servabat
1333 2596 1415 2642 tamen
1439 2599 1602 2657 opportunum

812 2693 922 2751 tempus,
936 2701 986 2750 quo
999 2701 1041 2737 rus
1051 2689 1119 2737 exire
1130 2687 1283 2749 perstaaderet
1297 2688 1369 2750 trero,
1381 2689 1500 2752 reliquam
1514 2692 1604 2741 lubens

813 2800 886 2837 unam
902 2799 985 2850 spem,
1003 2785 1109 2836 mulieris
1123 2784 1273 2850 adspectum.

844 2891 877 2939 ll.
895 2891 991 2938 interea
1012 2889 1164 2948 frequentare
1185 2888 1284 2937 rusticae
1305 2886 1470 2948 Callirrhoen,
1484 2894 1509 2939 et
1521 2892 1602 2940 statim

814 2993 841 3041 ut
850 2991 972 3040 dominam
981 2990 1074 3040 ambire
1083 2994 1108 3039 et
1117 2989 1228 3040 blandiri.
1263 2991 1330 3039 Uxor
1340 2993 1423 3040 autem
1433 2991 1522 3053 villici,
1536 2994 1603 3043 Plan·

812 3108 876 3157 gon,
891 3093 980 3143 animal
992 3107 1040 3143 non
1050 3092 1138 3153 hebes,
1152 3105 1231 3155 neque
1243 3092 1315 3141 rebus
1324 3093 1433 3153 gerendis
1443 3094 1582 3145 inidoneum
1594 3116 1601 3145 ι

813 3195 869 3246 Sine
889 3193 964 3243 dubio
984 3192 1083 3256 quidem
1100 3192 1202 3255 requiris
1217 3194 1289 3255 tuos,
1309 3192 1371 3255 filia,
1391 3195 1424 3243 ait
1440 3194 1484 3244 illi.
1516 3196 1564 3246 Sed
1580 3202 1604 3247 et

813 3299 879 3345 recta
897 3293 939 3344 hic
964 3296 1020 3344 tuos
1039 3293 1200 3356 reputaveris.
1240 3293 1368 3356 Dionysius
1391 3296 1470 3358 enlm,
1491 3298 1604 3349 dominus

813 3399 904 3460 noster,
913 3397 951 3447 est
959 3396 1038 3446 bonus
1049 3398 1074 3446 et
1085 3394 1208 3444 humanus
1217 3393 1263 3444 sir.
1296 3396 1324 3444 ln
1334 3393 1421 3445 bonam
1431 3396 1531 3450 domum
1543 3401 1604 3452 bene

814 3503 838 3551 te
855 3499 1003 3562 feliciterque
1018 3497 1120 3548 deduxit
1133 3496 1209 3558 deus,
1234 3495 1289 3558 ubi,
1311 3498 1340 3547 ut
1357 3498 1382 3547 in
1403 3500 1494 3562 patria,
1521 3503 1602 3567 degas.

814 3603 892 3655 ablue
905 3616 962 3666 ergo
975 3602 1018 3652 tibi
1030 3600 1113 3652 sordes
1126 3599 1197 3663 longa
1210 3600 1347 3650 contractas
1362 3602 1523 3663 navigatione.
1556 3608 1603 3657 Vix

812 3705 911 3756 undem
923 3706 950 3754 et
963 3703 1126 3754 reluctantem
1138 3700 1256 3764 protrahit
1271 3703 1353 3750 tamen
1368 3699 1394 3749 ln
1406 3700 1530 3753 mineum.
1556 3707 1603 3757 Ubi

814 3813 924 3874 ingressae
935 3799 1059 3871 diligenter
1071 3806 1137 3857 illam
1148 3808 1174 3856 et
1186 3807 1296 3868 unguunt
1312 3810 1339 3855 et
1352 3807 1465 3868 tergunt,
1480 3808 1604 3874 magisque

813 3913 912 3975 stupent
921 3909 1047 3973 spoliatam
1056 3908 1181 3968 retum,
1191 3907 1253 3970 adeo
1264 3909 1301 3969 ut,
1314 3906 1385 3969 euius
1395 3909 1492 3960 amictae
1505 3912 1602 3965 ruitum

814 4012 910 4064 tuerent
931 4008 1071 4070 admiratae,
1091 4021 1148 4058 eum
1164 4008 1274 4057 divinum
1294 4009 1454 4071 appellarent,
1475 4014 1602 4076 postquam

814 4114 903 4164 nudam
913 4113 1095 4175 conspexerant.
1128 4096 1272 4159 Cutis'eaim
1283 4109 1385 4159 candida
1396 4111 1552 4175 splendebat,
1563 4127 1603 4162 ru·

814 4217 898 4266 boram
916 4213 1004 4277 tulgorl
1021 4213 1119 4264 cuidam
1133 4213 1236 4263 dantem
1249 4211 1423 4274 repercutiensg
1444 4215 1469 4262 el
1482 4226 1537 4262 caro
1552 4216 1603 4264 tam

814 4316 933 4377 delicata,
948 4316 976 4364 ut
995 4313 1034 4364 ret
1053 4313 1184 4376 digitorum
1202 4314 1296 4362 attactu
1314 4324 1429 4375 magnum
1447 4312 1498 4363 tore
1516 4312 1603 4361 vulnus

815 4412 964 4470 metuerent,
985 4410 1010 4459 et
1024 4407 1142 4458 submissa
1156 4420 1216 4457 rore
1234 4407 1296 4457 inter
1314 4421 1341 4457 se
1356 4407 1453 4456 aiebant
1471 4421 1478 4454 :
1495 4407 1601 4457 Domina

814 4510 896 4558 nostra
917 4504 1015 4569 quidem
1035 4505 1137 4569 prrlctara
1150 4507 1217 4566 erat,
1239 4517 1315 4568 eaque
1334 4504 1439 4568 pollebat
1459 4503 1545 4563 uude,
1560 4503 1603 4553 sed

815 4603 872 4653 nuic
890 4604 973 4652 tamen
984 4599 1097 4650 ancillata
1109 4599 1200 4649 luisset.
1235 4598 1361 4662 angebant
1379 4596 1500 4660 praeconia
1515 4595 1602 4646 callir-

815 4695 1262 4759 rhoenluturatsoileprresagientem.
1295 4691 1603 4756 Uttgiturlaritetcomaa

814 4794 974 4857 religaverunt
985 4794 1010 4843 et
1027 4791 1116 4842 nitidas
1134 4793 1213 4841 restes
1233 4788 1385 4846 attuleruut,
1396 4798 1458 4850 quaa
1477 4785 1518 4836 illa
1530 4786 1603 4837 nimis

814 4888 914 4938 deooras
927 4899 1011 4937 recena
1027 4889 1099 4937 erutae
1112 4886 1222 4935 ωυεεειε
1238 4904 1244 4932 :
1259 4883 1323 4941 Quin
1337 4881 1396 4932 mihi
1407 4881 1515 4932 tunicam
1528 4882 1602 4948 rusti·

814 4995 869 5032 cam
881 4979 958 5042 datis,
969 4979 1012 5030 ait
1045 4979 1089 5029 Vel
1100 4992 1144 5028 sos
1155 4977 1214 5028 estis
1225 4987 1264 5025 ure
1278 4973 1391 5038 potiores.
1409 4971 1503 5024 indutas
1514 4972 1550 5024 sio
1557 4974 1602 5025 ali·

814 5075 874 5140 quid
889 5078 943 5125 tuna
953 5073 1016 5125 torte
1025 5084 1172 5132 occurrens,
1183 5072 1208 5121 et
1216 5069 1279 5121 bena
1290 5067 1402 5131 εοθιθιι,
1415 5070 1440 5119 et
1450 5066 1521 5139 diser¹
1530 5071 1603 5133 atque

813 5173 967 5241 splendidum
977 5171 1113 5236 ridebatur,
1123 5166 1363 5236 utapalolrritudlne
1372 5165 1523 5219 mmutum
1538 5165 1603 5215 con·
