3726 5692
696 308 911 367 flattobont
933 307 1245 367 AETHIOPlCORUM

155 447 178 504 οἱ
199 442 341 516 συνιέντες,
362 440 395 500 a&
417 440 537 520 δρώμενα
559 437 586 497 δέ
608 442 632 497 σί
654 438 741 498 λοιποί
759 438 944 514 θαυμάζοντες.
992 449 1140 511 telligebant,
1152 463 1202 498 rem
1213 449 1288 510 ipsam
1304 461 1359 510 quac
1371 447 1524 507 cernebatur,
1535 448 1619 510 reliqui
1633 446 1795 499 admirantes.

195 531 271 608 AC'.
301 529 354 589 ital
380 534 425 588 τοῦ
448 528 582 588 Ὑδάσπου
602 526 761 607 σαφέστερον
783 526 869 604 λέγειν
889 525 947 584 ὅτι
1028 541 1137 588 xxxvl.
1167 540 1197 586 Ei
1215 551 1272 585 cum
1296 536 1421 600 Hydaspes
1438 537 1541 599 planius,
1565 536 1684 600 quidnam
1704 539 1795 595 celiel.

156 620 275 699 βθῦλθῑῖθ
289 618 458 693 κελεύοντοςι
479 615 654 697 wiffam<
672 607 721 692 (ἦν
744 615 766 673 δ’
782 614 834 695 ἄρα
857 617 946 693 xm·
993 638 1073 687 dicere
1082 637 1195 701 juberei3
1209 651 1284 686 senex
1298 636 1369 698 (erat
1383 639 1464 686 autem
1480 636 1621 697 Charicles)
1644 638 1747 687 seriora
1763 638 1796 687 de

155 711 240 786 κλῆς)
257 707 290 765 τδι
305 706 353 784 μέν
375 706 536 783 ἀληθέστερα
557 704 703 782 τοῦγένους
722 706 767 774 τῆς
788 703 947 783 Χαρικλείας

129 828 141 862 p
157 797 327 875 ἀπέκρυπτε,
345 793 381 866 μή
399 817 453 858 ποις
467 792 518 869 ἄρα
540 791 584 851 καί
598 790 667 850 κατδι
681 791 728 861 τὴν
749 790 833 871 φυγῆν
848 790 947 863 ἐκείνης

922 879 929 897 ,
992 839 1053 888 torte
1067 840 1092 888 ei
1112 838 1197 887 itinero
1210 838 1259 899 jam
1278 839 1349 887 antea
1363 839 1490 900 corrupta,
1506 839 1597 888 bellum
1612 838 1658 888 sibi
1671 853 1733 890 anm
1749 855 1790 893 τε·

154 885 201 955 τὴν
225 886 291 942 αἰδῶ
305 881 561 962 προαφανισθείσης,
583 880 698 956 πόλεμον
712 879 770 937 καθ’
783 883 862 937 αὑτοῦ
883 902 948 957 προς
1005 937 1011 948 ,

159 324 216 373 iro

994 753 1081 804 genere
1092 739 1226 788 Cbaricleac
1245 738 1403 787 occultabat:
1419 737 1443 788 id
1456 738 1562 797 veritus,
1582 752 1615 788 ue
1630 739 1672 789 illa
1695 740 1722 789 in
1738 740 1792 801 liuga

156 978 207 1033 τῶν
220 976 325 1043 άληθῶς
332 970 513 1048 γεννησάντων
529 970 709 1040 ἐπισπάσηται
722 966 947 1044 διευλαάοόμενος,

157 1063 281 1131 ἐξετίθετο
302 1063 324 1118 δ’
339 1060 485 1135 ἐπιτάμνων
508 1056 620 1136 θμηδέν
643 1056 758 1115 ἔδλαπτε
779 1056 825 1115 καὶ
840 1055 946 1134 ἔλεγεν·

155 1140 208 1211 Ἦν
224 1175 268 1225 μοι
281 1149 407 1228 θυγάτηρ,
419 1137 441 1206 δι
456 1145 632 1227 βασιλεῦ.Τίς
644 1144 691 1223 μέν
705 1145 754 1217 τὴν
766 1145 890 1226 φρόνησιν
902 1145 947 1204 καί

35 1276 38 1281 -
117 1263 141 1301 ιο
157 1238 199 1298 οία
218 1240 247 1298 τδ
261 1229 328 1305 εἶδος
351 1236 509 1312 θεασάμενοι
524 1235 611 1312 μόνον,
632 1235 744 1304 ἐπαξίως
764 1234 796 1293 τίν
811 1258 845 1311 με
862 1234 947 1312 λέγειν

156 1326 339 1384 ἐπιστεύσατε.
382 1315 435 1384 Ἦν
450 1325 473 1380 δ’
487 1314 530 1381 οὗν
546 1321 757 1403 παρθενευομένη
774 1322 819 1381 καί
841 1322 948 1402 ζάκορος

155 1420 200 1484 τῆς
216 1417 241 1472 ἐν
257 1416 366 1493 Δελφοῖς
380 1411 540 1492 Ἀρτέμιδος.
573 1411 681 1482 Ταύτην
694 1415 708 1470 δ
720 1412 865 1489 θαυμάσιος
876 1404 948 1479 οθτος

155 1503 290 1570 Θετταλὸς
304 1501 340 1560 ὢν
353 1501 382 1559 τὸ
397 1501 470 1577 γένος
482 1501 527 1558 καὶ
542 1504 576 1567 εἷς
591 1501 706 1581 Δελφοὺς
723 1500 770 1570 τὴν
786 1501 851 1578 ἐμὴν
872 1500 947 1560 πάλιν

155 1592 189 1658 ὥς
214 1617 240 1649 τι
264 1591 372 1671 πάτριον
399 1589 573 1661 ἐπιτελέσειν,
602 1587 761 1669 ἀρχιθεωρδς
786 1590 945 1670 ἀφιγμένος,

117 1702 140 1740 ιι
155 1677 245 1739 ἔλαθεν
261 1683 356 1738 ἐκτῶν
372 1675 474 1736 lidron
493 1678 578 1735 αὐτῶν
593 1675 642 1748 τῆν
657 1676 735 1756 κόρην
759 1676 946 1749 ἆτοσνλιίσας,

155 1768 219 1846 [καὶ
235 1767 334 1826 ἀδύτων
349 1772 394 1825 τοῦ
411 1764 603 1844 Ἀπολλωνος.]
638 1765 685 1824 Διδ
699 1765 744 1824 καί
759 1768 794 1832 εἰς
808 1769 877 1841 ὑμᾶς
889 1769 948 1824 ἀσε-

156 1856 210 1915 6εῖν
235 1856 340 1922 δικαίως
365 1854 396 1912 διν
419 1855 571 1930 νομισθείη,
597 1853 640 1912 τδν
662 1853 772 1933 πάτριον
795 1858 869 1930 ὑμῶν
891 1855 947 1912 θεὸν

156 1944 321 2015 Ἄπολλωνα,
334 1945 376 2001 τδν
392 1944 472 2001 αὐτὸν
487 1941 549 2000 ὄντα
565 1941 610 1999 καί
624 1938 719 2000 Ἥλιον
738 1941 783 2001 καὶ
798 1942 828 2000 τδ
848 1941 946 2000 ἐκείνου

154 2033 223 2113 ίερδν
243 2031 349 2108 τέμενος
365 2029 534 2110 βεθηλόισας·
549 2035 672 2108 συνεργοῦ
692 2030 718 2087 δ’
736 2032 806 2109 αὐτῷ
822 2030 885 2109 πρὸς
899 2030 946 2101 τῆν

116 2142 141 2181 nu
156 2123 235 2197 ἐναγῆ
255 2118 353 2188 ταύτην
373 2118 468 2196 πρᾶξιν
488 2117 704 2197 ψευδοπροφήτου
719 2118 786 2183 τινδς
807 2118 946 2200 Μεμφίτου

155 2208 302 2285 γεγονότος,
315 2208 405 2276 ἐπειδη
424 2207 493 2265 κατδι
510 2206 558 2277 τῆν
579 2206 729 2267 Θετταλίαν
753 2206 886 2284 μεταθέων
902 2207 947 2266 καὶ

155 2307 218 2380 παρ’
234 2302 350 2362 Οἰταίων
367 2302 448 2360 όντων
464 2304 544 2359 αὐτοῦ
566 2304 680 2360 πολιτῶν
704 2302 812 2369 ἐξαιτῶν
827 2305 947 2380 οὐδαμῶς

155 2390 283 2467 εὕρισκον,
307 2390 410 2449 ἔκδοτον
426 2390 531 2449 ἐκείνων
546 2395 636 2447 τοῦτον
658 2389 703 2448 καὶ
716 2392 752 2455 εἷς
767 2390 869 2471 σφαγὴν
882 2391 947 2450 ὅπου

155 2483 215 2538 ποτ’
232 2479 263 2537 du
287 2479 452 2557 εὑρίσκηται,
476 2483 510 2544 ὡς
529 2478 663 2559 ἀλάστορα
680 2478 945 2559 παραχωρησάντων,

116 2588 142 2627 αι
156 2566 315 2646 ὁρμητήριον
337 2557 403 2625 εἶναι
417 2571 463 2638 τῆς
478 2572 560 2648 φυγῆς
579 2566 626 2637 τὴν
647 2566 824 2646 Καλασίριδος
838 2567 946 2650 Μέμφιν

156 2655 264 2721 εἰκάσας
279 2655 324 2712 καί
339 2656 374 2721 εἰς
388 2652 487 2725 ταύτην
500 2654 671 2734 ἀφικόμενος,
686 2655 731 2713 καὶ
753 2655 796 2714 τὸν
817 2655 865 2732 μέν
880 2659 947 2717 Κα-

155 2743 270 2822 λοίσιριν,
285 2747 320 2808 ὡς
335 2746 427 2822 ἐχρῆν,
440 2741 583 2813 τεθνηκότα
598 2742 768 2814 καταλαόὼν,
780 2742 854 2824 παρά
869 2745 945 2803 Θυά-

157 2833 230 2906 μιδος
245 2830 271 2888 δὲ
285 2836 331 2889 τοῦ
344 2822 441 2890 ἐκείνου
455 2831 547 2898 παιδὸς
559 2829 667 2888 ἅπαντα
679 2834 712 2889 τδι
727 2831 788 2909 περὶ
802 2832 850 2906 τὴν
866 2840 946 2913 θυγα-

157 2919 219 2998 τέρα
232 2918 395 2998 ἐκδιδαχθείς
407 2918 471 2978 τότ’
489 2919 558 2977 ἄλλα
571 2919 616 2978 καὶ
635 2919 674 2977 δτι
690 2919 754 2997 πρὸς
769 2920 945 3000 ’θροονδάτην

118 3027 143 3065 ιιι
156 3010 192 3073 είς
203 3006 251 3077 την
264 3006 369 3079 Συήνην
380 3006 531 3065 ἀπέσταλτο
543 3008 643 3065 καὶτοῦ
655 3005 702 3083 μέν
716 3006 888 3088 Ὀροονδάτου
901 3010 946 3067 καῖ

155 3097 202 3162 τῆς
216 3092 319 3166 Συήνης
343 3093 494 3174 ἀποτυχὼν,
515 3087 594 3167 ῆλθον
614 3095 665 3175 γδιρ
685 3096 808 3167 κάκεῖθι,
832 3098 899 3155 κατά
919 3098 946 3156 δέ

156 3181 203 3253 τῆν
222 3181 409 3261 Ἐλεφαντίνην
425 3183 475 3241 θπὸ
489 3189 534 3241 τοῦ
549 3183 666 3261 πολέμου
681 3185 875 3267 καταληφθεὶς,
888 3185 947 3259 ἥκω

95 3302 104 3319 ·
157 3274 235 3327 τανῦν
258 3273 386 3342 ἐνταῦθα,
400 3270 446 3328 καί
466 3270 589 3348 γίγνομαι
604 3271 692 3343 ἱκέτης
705 3272 786 3341 οὕτως
803 3278 866 3347 ὡςὴ
888 3277 946 3333 ἐπι-

158 3357 237 3429 στολὴ
254 3358 408 3434 διηγήσατο.
453 3359 506 3418 Τὸν
523 3359 728 3431 ἀποσυλησαντα
744 3365 826 3441 ἔχεις·
839 3364 886 3435 τῆν
904 3370 946 3422 θυ·

123 3463 148 3503 aa
158 3447 255 3524 γατέρα
267 3446 423 3517 ἐπιζήτησον
438 3445 485 3521 ἐμέ
494 3470 521 3504 τε
534 3449 711 3524 πολυπήμονα
727 3452 860 3528 ἄνθρωπον
876 3455 947 3532 εὖερ-

157 3538 238 3610 γετῶν
260 3536 305 3592 καὶ
331 3540 419 3611 σαυτῷ
440 3535 628 3613 χαριζόμενος,
657 3541 679 3595 εἰ
704 3539 746 3596 τὸν
769 3538 947 3619 προοδεύοντα

158 3619 224 3700 ὑπὲρ
238 3625 314 3694 ἡμῶν
327 3621 465 3702 σατράπην
477 3623 579 3703 δφθείης
595 3623 757 3701 αἰδούμενος.

197 3710 265 3770 AZ'.
292 3709 346 3769 Καί
359 3714 373 3767 δ
386 3708 433 3786 μέν
451 3710 609 3785 ἐσιώπησεν,
626 3717 771 3794 ἐπιθρηνῶν
787 3717 882 3792 γοῶδες
895 3717 949 3783 τοῖς

158 3797 314 3876 εἰρημένοις·
340 3801 353 3854 ὁ
377 3799 399 3855 δ’
424 3797 563 3873 Ὑδάσπης
587 3802 652 3880 πρὸς
667 3803 711 3860 τὸν
730 3802 877 3880 Θεαγένην,
898 3802 948 3877 Τί,

120 3906 148 3945 ιιι
159 3883 224 3965 ἔφη,
241 3882 305 3964 πρὸς
324 3884 398 3943 ταῦτ’
412 3887 583 3967 ἐρεῖςςὍδὲ,
599 3889 709 3963 Ἀληθῆ,
732 3890 779 3971 ἔφη
786 3939 794 3964 ,
815 3890 901 3950 πάντα
915 3892 949 3949 τά

158 3972 383 4049 κατηγορηθέντα.
427 3980 535 4053 Λῃστης
557 3976 609 4054 ἐγὼ
629 3979 674 4035 καὶ
693 3977 779 4057 ἅρπαξ
801 3980 846 4038 καί
866 3979 949 4060 βίαιος

159 4061 204 4118 καί
219 4060 307 4126 ἄδικος
319 4062 379 4141 περὶ
392 4069 482 4121 τοῦτον
499 4065 559 4123 ἀλλ’
571 4066 694 4145 ὑμέτερος
705 4065 849 4147 εὐεργέτης.
872 4065 948 4128 Ἀπό-

160 4150 202 4215 δος
213 4139 266 4221 οθν,
280 4148 345 4229 ἔφη,
358 4150 406 4222 τῆν
421 4153 572 4232 ἀλλοτρίαν,
585 4158 599 4212 ὁ
612 4154 767 4231 Ὑδάσπης,
781 4156 824 4215 διὰ
841 4156 871 4214 τὸ
883 4180 949 4236 προ·

159 4237 371 4297 καθοσιώσασθαι
385 4248 437 4306 τοῖς
449 4242 531 4313 θεοῖς,
546 4242 593 4314 τὴν
609 4245 638 4301 ἐκ
652 4248 699 4315 τῆς
715 4243 804 4310 θυσίας
820 4244 947 4319 ἐπίδοξον,

120 4343 147 4381 ιι
160 4327 189 4385 οὗ
204 4323 252 4399 τῆν
267 4328 297 4384 ίκ
310 4331 357 4399 τῆς
368 4329 497 4408 τιμωρίας
512 4329 615 4411 σφαγῆν
627 4331 728 4391 ἔνδικον
742 4331 853 4413 ὑφέξων.
877 4332 946 4390 Ἀλλ’

160 4414 237 4492 οὗχθ
257 4413 400 4492 ἀδικήσας,
413 4405 515 4474 εἷπενδ
535 4417 683 4496 Θεαγένης,
705 4420 792 4477 dli't
814 4419 949 4497 τάδίκημα

161 4499 229 4581 ἔχων
243 4503 386 4561 ἀποδοῦναι
401 4503 509 4572 δίκαιος.
553 4505 645 4586 Ἔχεις
661 4510 684 4566 δ’
695 4506 783 4575 αθτός.
828 4507 948 4582 Ἀπόδος,

161 4590 184 4645 εί
197 4588 235 4664 μὴ
247 4589 294 4662 αῆν
307 4592 435 4674 θυγατέρα
449 4584 514 4652 εἶναι
529 4594 692 4675 Χαρίκλειαν
707 4597 753 4655 καὶ
768 4586 840 4661 οὗτος
852 4598 949 4671 ὁμολο-

160 4675 274 4750 γήσειεν.
318 4680 415 4739 Οὐκέτι
430 4689 565 4762 καρτερεῖν
581 4684 662 4750 οὐδεὶς
679 4685 806 4764 ἠνέσχετο
821 4683 880 4741 ἀλλ’
893 4682 949 4762 ἅμα

122 4781 147 4819 so
162 4760 265 4821 πάντων
290 4766 415 4847 σύγχυσις
437 4769 562 4849 ἐγίγνετο.
611 4773 768 4853 Σισιμίθρης
793 4773 816 4830 δ’
838 4773 949 4831 ἐπιπολὺ
970 4774 973 4841 ί

161 4848 300 4926 διαρκέσας
312 4855 356 4911 καὶ
367 4857 451 4915 πάλαι
461 4856 494 4915 τδι
505 4857 635 4936 λεγόμενα
647 4861 692 4919 καλ
704 4860 873 4940 πραττόμενα
882 4885 949 4940 γνω-

163 4935 248 5013 ρίζων,
260 4941 284 5004 ἐς
296 4940 325 4998 ιδ
336 4944 441 5022 οῖκριθὲς
454 4946 480 5004 δέ
493 4951 637 5027 περιελθεῖν
650 4949 683 5009 τὰ
696 4949 952 5033 φανερούμεναπρὺς

163 5028 209 5080 τοῦ
226 5026 370 5104 κρείττονος
384 5034 532 5108 ἀναμένων,
548 5037 717 5118 προσέδραμέ
730 5060 758 5095 τε
773 5038 819 5096 καί
830 5036 874 5098 τόν
890 5043 951 5102 Χα-

164 5110 254 5191 ρικλέα
267 5118 477 5194 ,περιεπτύσσετο
489 5124 552 5197 καί,
574 5124 693 5194 Σώζεταί
707 5148 747 5184 σοι
767 5128 785 5197 ἡ
799 5133 951 5200 νομισθεῖσα

947 4940 957 4955 Ι

992 950 1024 985 ns
1046 937 1186 998 parentibus
1201 940 1340 985 accerseret.
1376 937 1517 999 Expouebat
1536 940 1620 987 autem
1639 940 1789 1003 compendio

992 1051 1019 1087 ea
1030 1051 1085 1100 quac
1097 1037 1156 1086 nibil
1166 1037 1297 1097 nocebant,
1313 1052 1341 1087 ac
1356 1038 1464 1098 dicebat,
1482 1042 1542 1088 Erat
1562 1039 1623 1089 milri
1641 1041 1706 1104 lilia,
1727 1058 1787 1106 rex,

992 1152 1066 1201 quam
1082 1139 1101 1188 si
1115 1139 1181 1201 quali
1201 1140 1275 1188 animi
1288 1139 1369 1189 indole
1383 1142 1407 1189 et
1426 1141 1504 1191 torma
1518 1142 1602 1192 brissei
1615 1144 1715 1195 tantum
1729 1159 1784 1197 ecn-

992 1241 1142 1303 spexiasetis,
1156 1241 1247 1302 justam
1261 1255 1358 1290 mirsam
1375 1243 1463 1292 babere
1478 1257 1516 1293 ma
1532 1244 1694 1305 quamobrem
1706 1246 1781 1295 dican

992 1339 1129 1390 crederetis.
1164 1343 1233 1401 Erat,
1257 1342 1370 1403 inquam,
1389 1342 1413 1391 in
1432 1342 1569 1404 virginitate
1581 1345 1681 1395 aetatem
1701 1346 1783 1409 dapem

992 1443 1017 1489 et
1027 1440 1150 1500 ministra,
1161 1453 1217 1501 qnae
1230 1441 1327 1503 Delphis
1339 1441 1438 1500 colitur,
1452 1445 1543 1494 ῠῖιιιιαε.
1574 1447 1645 1495 itane
1658 1448 1780 1510 praecium

992 1540 1035 1590 iste
1047 1540 1175 1591 Thessalus
1188 1555 1292 1604 genere,
1310 1556 1365 1591 cum
1382 1542 1488 1605 Delphos
1508 1557 1588 1595 meam
1603 1547 1705 1611 urbem,
1719 1549 1775 1613 qual
1862 1583 1863 1609 2

992 1643 1097 1704 patrium
1115 1644 1239 1705 quoddam
1254 1659 1351 1695 sacrum
1373 1647 1554 1710 celebraturus,
1571 1652 1702 1713 praelectus
1722 1652 1774 1715 legi·

992 1741 1063 1789 tionis
1075 1742 1222 1793 constitutus
1243 1744 1360 1804 venisset,
1375 1746 1438 1794 clam
1451 1761 1481 1796 ex
1497 1747 1577 1812 adyta
1595 1750 1654 1813 ipsis
1675 1753 1783 1807 abstulit.

993 1840 1159 1899 Quamobrem
1170 1844 1195 1891 el
1206 1856 1261 1903 erga
1274 1856 1316 1892 uos
1326 1844 1412 1893 merito
1423 1844 1552 1908 deliquisse
1561 1849 1695 1901 existimari
1704 1854 1797 1914 debet.

993 1943 1035 2005 qui
1048 1943 1154 2007 patrium
1175 1947 1281 1994 resinam
1295 1944 1367 1997 deum
1383 1949 1532 2011 Apollinem,
1546 1953 1589 2014 qui
1604 1952 1669 2002 idem
1682 1960 1717 2004 ert
1727 1965 1809 2005 cum

992 2045 1060 2105 Solo,
1074 2049 1099 2094 ct
1120 2046 1184 2095 illius
1195 2046 1277 2096 lucum
1295 2048 1438 2108 profanavit.
1473 2053 1548 2100 Porro
1561 2054 1820 2118 quoniamquonian

993 2144 1066 2193 iulans
1083 2145 1183 2194 antistes
1199 2146 1381 2208 Memphiticus,
1399 2148 1478 2198 socius
1490 2150 1563 2212 liiijus
1575 2154 1828 2205 scelerataeact‘ie

992 2242 1029 2290 nis
1038 2244 1163 2293 exstiterat
1173 2259 1179 2291 :
1188 2258 1244 2293 cnm
1254 2259 1330 2294 cmcm
1344 2246 1368 2294 in
1378 2247 1500 2299 Thessalia
1518 2250 1650 2314 deposcens
1658 2254 1691 2305 ab
1698 2246 1834 2306 OEtlfl'l‘

993 2341 1045 2401 eius
1064 2341 1169 2402 civibus,
1189 2357 1234 2392 nec
1254 2357 1357 2406 usquam
1368 2346 1573 2409 inrenirem‚illia
1588 2352 1649 2402 mibi
1665 2354 1729 2404 bunc
1805 2349 1838 2397 in·

992 2440 1158 2491 terdciendum
1172 2444 1253 2493 ubivis
1264 2445 1373 2495 locorum
1389 2448 1547 2510 inveniretur,
1562 2452 1680 2516 tanquam
1693 2458 1746 2518 pest
1770 2458 1838 2497 «θ’

992 2540 1154 2603 ‹ledentibua;
1170 2543 1265 2605 asylum
1279 2545 1341 2608 togae
1358 2548 1494 2598 calasiridia
1506 2553 1639 2613 btcmpbim
1654 2568 1706 2605 eme
1715 2570 1744 2607 ae
1758 2546 1839 2601 ‘lli

992 2640 1136 2703 conjecturis
1156 2645 1305 2706 suspicatus,
1327 2660 1355 2695 eo
1372 2661 1428 2697 cum
1441 2651 1619 2715 pervenissem,
1633 2656 1760 2707 calasini!
1781 2660 1836 2696 ⁶¹

992 2741 1103 2805 quidem,
1115 2745 1143 2793 nt
1161 2746 1284 2807 oportuit,
1296 2749 1419 2797 mortuum
1439 2749 1593 2813 deprebendo
1606 2769 1638 2804 :a
1654 2758 1750 2820 Tbyam
1788 2748 1836 2797 Ῑέθ

991 2845 1073 2892 autem
1091 2843 1144 2906 ejus
1164 2845 1212 2894 filio
1226 2845 1256 2894 dc
1272 2849 1386 2899 omnibus
1399 2864 1455 2913 qun
1473 2852 1503 2901 ad
1521 2852 1597 2903 tiliam
1611 2856 1757 2909 attinebant.
1812 2850 1831 2898 θί

992 2943 1054 2994 iuter
1074 2944 1165 3008 reliqua
1184 2947 1250 3009 quod
1267 2952 1361 3012 Syenen
1382 2951 1412 3000 ad
1433 2953 1599 3007 oroondaiem
1619 2961 1692 3011 mim
1708 2953 1828 3011 aad,

992 3043 1079 3094 certior
1094 3045 1188 3108 iactus3
1207 3050 1345 3100 Oroandate
1363 3053 1435 3101 etiam
1448 3056 1534 3116 Syenae
1546 3057 1692 3121 frustratus,
1710 3063 1745 3123 (n
1755 3064 1827 3105 ³⁵

992 3140 1049 3191 illuc
1060 3156 1157 3206 quoque
1169 3149 1297 3207 ueneram)
1311 3149 1477 3211 Elephantine
1486 3156 1569 3204 autem
1582 3156 1648 3208 bello
1660 3159 1823 3211 delent-1⁸·

993 3241 1063 3290 renio
1073 3241 1121 3292 buc
1133 3243 1157 3291 iu
1167 3245 1293 3305 prasentia
1302 3248 1414 3310 supplex,
1433 3252 1640 3312 quemadmodum
1650 3249 1821 3323 ineptam·h

992 3345 1112 3395 narratur.
1145 3349 1236 3397 Furem
1250 3349 1427 3415 itaquetenea‚
1443 3353 1517 3405 tiliam
1527 3369 1607 3408 meam
1622 3374 1705 3422 qnare
1718 3366 1741 3412 et
1798 3350 1818 3400 ΙΙ

992 3454 1032 3491 me
1042 3443 1210 3495 calamitosum
1227 3447 1350 3499 bominem
1362 3451 1506 3502 beneficiam
1522 3458 1684 3511 conterenset
1696 3465 1720 3512 te
1730 3461 1818 3524 ¹9⁴⁰

992 3550 1044 3586 rem
1055 3537 1151 3601 dignam
1164 3540 1265 3602 iaciens,
1278 3543 1299 3593 ai
1319 3544 1500 3607 deprecatorem
1514 3552 1641 3615 satrapum
1655 3555 1724 3606 nobis
1735 3554 1818 3605 αθ·

994 3635 1117 3696 aspernari
1130 3635 1258 3687 videberis.

1023 3735 1144 3782 xxxvii.
1162 3735 1193 3782 Et
1209 3734 1249 3784 ille
1265 3735 1363 3797 quidem
1384 3738 1474 3801 benit,
1495 3740 1609 3804 lugubres
1619 3742 1692 3796 θείω
1707 3746 1737 3797 ad
1780 3744 1819 3781 ἃ

993 3826 1048 3875 quae
1060 3813 1154 3865 dixerat
1163 3815 1261 3868 addam.
1282 3818 1407 3883 Hydaspes
1417 3824 1497 3873 autem
1508 3824 1538 3873 ad
1549 3826 1712 3894 Tbeagenem,
1722 3812 1824 3892 0⁸1²

993 3895 1058 3946 dicas
1080 3897 1110 3947 ad
1126 3898 1196 3961 baec,
1215 3900 1301 3964 iuquit.
1335 3904 1380 3954 tile
1400 3906 1498 3969 οιιίειιι,
1517 3912 1598 3972 Vera,
1616 3912 1710 3976 inquit,
1730 3898 1827 3965 τι,1

993 3982 1087 4042 omnia,
1107 3997 1162 4046 quae
1180 3984 1205 4032 in
1224 3987 1375 4038 accusatione
1393 3996 1582 4043 commemorata
1601 4000 1669 4047 sunt.
1703 3978 1832 4051 ΡΗ

993 4079 1036 4128 ego
1047 4079 1101 4115 aum
1109 4068 1221 4131 etraptor
1231 4070 1255 4118 ei
1267 4073 1386 4130 grassator
1396 4075 1420 4122 ei
1430 4074 1527 4138 iniquus
1536 4078 1602 4140 quod
1614 4080 1646 4129 ad
1656 4058 1835 4133 brucarst‘

993 4154 1051 4202 nei:
1065 4155 1173 4203 ceterum
1187 4153 1211 4202 in
1225 4167 1267 4204 ros
1280 4155 1410 4208 beneficus.
1443 4160 1528 4211 Redde
1546 4162 1630 4227 igitur,
1643 4166 1722 4230 inquit
1736 4156 1799 4219 ll
1817 4154 1840 4205 δ’

993 4236 1092 4300 daspea,
1115 4238 1234 4297 alienam,
1256 4243 1379 4303 propterea
1394 4243 1460 4304 quod
1477 4236 1527 4311 'diis
1538 4250 1610 4298 antea
1626 4250 1731 4303 devotos
1741 4227 1846 4304 εἷ’

994 4325 1165 4373 mactationem
1179 4325 1289 4375 sacrificii
1307 4327 1424 4377 illustrem
1438 4342 1487 4380 non
1504 4332 1617 4396 supplicii
1628 4336 1721 4398 iustam
1736 4321 1850 4403 pf

993 4409 1094 4459 laturos.
1127 4409 1174 4460 Sed
1190 4424 1238 4460 non
1254 4411 1289 4473 is,
1301 4413 1343 4474 qui
1357 4413 1470 4474 iniuriam
1479 4415 1546 4477 lecit,
1561 4417 1625 4469 dixit
1635 4404 1855 4487 Μ’

993 4493 1035 4543 sed
1046 4493 1086 4556 qui
1100 4493 1195 4555 injuriae
1205 4495 1310 4544 trucium
1320 4495 1408 4557 babet,
1418 4497 1519 4549 reddere
1533 4500 1599 4563 iuste
1608 4502 1693 4556 debet.
1725 4484 1860 4559 Μ

994 4576 1066 4639 igion
1080 4578 1106 4625 tu
1125 4576 1176 4639 lpse
1195 4577 1283 4627 rubea
1302 4579 1390 4629 ποτε,
1408 4579 1526 4644 nqoraem
1546 4583 1609 4634 naue
1625 4589 1696 4638 ruam

994 4662 1441 4734 asseclraricteamet-ipsplalebitur·
1462 4669 1539 4718 Nemo
1551 4672 1657 4734 mplius
1671 4688 1726 4727 sene
1753 4700 1756 4716 ι
1832 4663 1863 4753 “,

994 4742 1072 4790 tinere
1091 4744 1247 4815 petengem
1265 4752 1336 4802 simul
1360 4738 1469 4806 ompium
1487 4748 1635 4802 contusanea
1655 4736 1835 4807 commas
1844 4742 1854 4763 ⁸

988 4820 1134 4885 seminas
1167 4816 1850 4899 srsrmrmesvero,eamdiusemutuabantur*
1862 4819 1863 4828 ’

997 4905 1088 4967 pridem
1099 4918 1127 4956 ea
1138 4921 1194 4970 quac
1206 4909 1345 4961 dicebantur
1355 4916 1381 4964 ci
1397 4906 1486 4967 debili¹
1498 4907 1585 4969 ⁸⁰¹⁸&
1596 4912 1708 4963 “lesum
1721 4916 1747 4965 ¹¹¹
1756 4928 1785 4963 ὗ
1858 4916 1862 4923 ’

996 4987 1105 5034 exactam
1115 4990 1139 5036 ei
1150 4990 1243 5038 certam
1258 4992 1417 5053 cognitionem
1430 4978 1583 5059 perdidit*ent
1591 5002 1620 5039 ⁰⁸
1632 5003 1691 5053 (1¹¹²
1821 4985 1863 5012 s

996 5064 1143 5124 patefiebant
1156 5072 1310 5132 exspectans,
1320 5075 1462 5127 accurrebat
1471 5067 1497 5130 εί
1509 5066 1647 5120 effidem
1657 5072 1779 5136 'mim'

996 5139 1078 5191 batur.
1112 5146 1156 5204 Et,
1167 5145 1238 5195 salva
1248 5151 1283 5199 eat
1292 5148 1405 5212 adoptiva
1414 5154 1457 5203 tua
1466 5158 1492 5207 et
1503 5143 1597 5205 imbii
1607 5146 1653 5198 filli
1661 5148 1790 5213 illm?
