3726 5692
815 348 1030 410 riurano.
1329 390 1333 399 .
1690 370 1727 413 m
1791 318 1805 349 ²

108 477 206 549 bene
221 476 374 550 adnotat
389 479 601 550 Temminck
619 479 761 575 vulgata
777 479 854 551 illas
867 481 974 576 longe
995 480 1162 553 meliores
1181 506 1278 570 esse;
1292 498 1377 553 sunt
1394 498 1515 554 autem
1529 482 1567 554 hi
1580 482 1726 556 ‘codices

106 625 188 672 saec.
212 605 305 692 xlv3
328 604 506 675 sexcentis
527 602 616 675 locis
645 602 830 676 meliorem
855 605 1020 702 praebent
1040 605 1247 678 lectionem.
1263 607 1406 678 Primus
1430 606 1510 678 cod.
1534 606 1641 678 Vind.
1661 611 1725 680 lls.

108 751 147 796 n.
161 729 283 816 CXVI,
304 727 364 798 cui
379 726 507 799 titulus
522 754 531 799 τ
551 723 729 825 Ἡλιοδώρου
742 732 1047 827 ἑπισκόποοΤρίκκης
1070 733 1140 827 περὶ
1155 735 1319 828 Θεαγένους
1334 734 1387 800 καὶ
1402 734 1585 828 Χαρικλείας
1602 731 1725 804 Badtina

105 862 239 947 πρῶτον,
259 849 361 922 hunc
388 851 525 923 notabo
554 852 656 924 litera
683 859 721 926 Α.
745 853 845 926 Alter
865 854 978 927 codex
1002 860 1140 953 (quem
1169 855 1305 927 notabo
1329 854 1498 951 literali)
1525 860 1590 928 Ms.
1612 871 1665 931 cst
1688 883 1724 929 n.

105 979 248 1048 CXXX.
264 972 404 1047 Titulus
423 976 603 1047 recentior
627 977 763 1049 codicis
785 979 961 1076 scriptura
978 978 1057 1068 hic,
1072 974 1251 1076 Ἡλιοδώρου
1271 983 1451 1051 αἰθιοπικῶν
1478 983 1549 1076 περὶ
1564 988 1724 1079 Θεαγένους

103 1103 159 1168 καὶ
174 1102 369 1197 Χαρικλείας.

157 1222 345 1294 Heliodori
355 1220 534 1293 editiones
544 1246 624 1319 quae
636 1221 784 1320 quidem
793 1223 839 1294 ad
847 1223 1015 1294 notitiam
1025 1248 1141 1294 meam
1150 1239 1405 1322 pervenerunt,
1415 1237 1500 1295 sunt
1513 1239 1723 1322 sequentes:

157 1346 387 1434 basileensis,
409 1350 532 1418 Graece
545 1360 705 1435 tantum,
720 1371 751 1417 a.
780 1342 883 1434 1534,
906 1370 949 1416 ex
967 1345 1113 1419 officina
1137 1348 1381 1444 Hervaegiana,
1406 1373 1490 1419 cum
1512 1347 1723 1445 praesatione

104 1471 295 1542 vincentii
312 1470 504 1567 Obsopoei,
520 1471 582 1567 qui
599 1494 641 1541 ex
661 1469 882 1542 bibliotheca
896 1470 1053 1542 Matthia
1073 1472 1232 1560 Corvini,
1250 1472 1438 1570 Hungariae
1451 1472 1557 1570 regis,
1573 1498 1593 1544 a
1609 1472 1724 1544 milite

104 1593 292 1694 direptum
307 1592 472 1666 codicem
488 1592 653 1666 redemit.

157 1720 253 1791 Hier.
274 1718 512 1807 Commelini,
539 1744 572 1791 a.
601 1714 709 1817 1596,
731 1721 796 1817 qui
816 1745 903 1790 usus
928 1735 981 1790 est
1003 1720 1166 1792 Palatino
1184 1721 1283 1811 cod,
1312 1721 1530 1793 lectionibus
1557 1723 1721 1794 Vaticani

104 1842 245 1916 codicis
259 1857 294 1914 et
311 1841 402 1913 alius
418 1867 438 1913 a
451 1845 494 1913 G.
509 1841 692 1938 Xylandro
711 1842 850 1930 collati,
867 1859 901 1913 et
918 1842 1044 1914 codice
1057 1846 1217 1918 Corvini.
1233 1844 1382 1941 Adjecta
1394 1860 1448 1916 est
1461 1847 1588 1917 Latina
1603 1849 1722 1919 versio

102 1966 273 2041 Stanislai
290 1966 602 2039 Warschewiczki.

154 2093 221 2165 llic
235 2091 327 2165 liber
342 2105 441 2163 totus
460 2115 609 2163 recusus
626 2116 660 2164 a.
683 2088 785 2180 1655,
800 2093 977 2189 Lugduni,
997 2093 1094 2192 apud
1106 2098 1189 2165 Ant.
1217 2092 1263 2164 de
1279 2097 1401 2191 Harsy,
1419 2110 1455 2166 et
1469 2094 1560 2167 liber
1580 2096 1720 2193 primus

103 2217 207 2289 solus
226 2221 289 2289 Gr.
303 2232 339 2288 et
357 2217 485 2289 Latine
498 2217 694 2313 interprete
714 2220 855 2288 Renato
870 2217 1070 2308 Guillonio,
1086 2219 1240 2305 Parisiis,
1275 2214 1358 2289 1551
1373 2273 1383 2309 ,
1398 2218 1499 2316 quod
1525 2245 1582 2290 me
1597 2219 1723 2292 docuit

102 2340 391 2413 Temminclrius.

154 2465 383 2538 Editionesl.
398 2463 633 2555 Bourdelotii‚
648 2490 678 2536 a.
695 2465 927 2564 1619‚1.uter.
943 2468 1051 2537 Paris.
1067 2491 1152 2539 cum
1167 2467 1375 2540 nullonovo
1393 2468 1519 2539 critico
1535 2483 1719 2566 apparatu,

103 2596 151 2663 D.
163 2592 264 2663 Parei
273 2616 305 2662 a.
318 2588 713 2679 1631,Francolurti,et
724 2594 755 2662 J.
772 2594 808 2661 P.
825 2589 1014 2684 Schmidii,
1038 2592 1210 2692 Lipsiae,a
1228 2608 1429 2692 1772,sunt
1447 2593 1583 2663 nullius
1598 2593 1719 2690 pretii.

155 2715 298 2789 chuc.
315 2712 560 2788 lllitscherlich
576 2739 607 2785 a.
628 2713 732 2803 1806,
750 2716 988 2811 argentorati,
1008 2741 1140 2789 novam
1149 2718 1205 2789 ed.
1224 2717 1343 2806 dedit,
1359 2717 1527 2789 adhibuit
1542 2716 1723 2815 exemplar

104 2839 441 2915 commelinianum
471 2853 507 2909 et
537 2837 710 2909 lectiones
744 2838 913 2912 codicum
939 2865 1019 2938 quae
1044 2841 1096 2913 ibi
1123 2842 1280 2913 citantur
1304 2857 1340 2912 et
1375 2841 1455 2913 cod.
1488 2842 1721 2914 Taurinensis

103 2991 220 3065 quaea
237 2964 416 3037 Dorvillio
437 2961 484 3035 ad
501 2962 607 3035 Char.
621 2963 790 3035 citantur.
806 2963 954 3060 Adjecta
967 2967 1091 3036 Latina
1109 2966 1225 3036 versio
1247 2980 1423 3054 accurata,
1441 2990 1609 3062 quausus
1626 2991 1721 3057 sum,

106 3091 204 3165 illam
222 3105 369 3162 mutans
395 3088 460 3160 ubi
475 3094 610 3178 Graeca,
631 3087 669 3159 id
692 3088 793 3186 quod
817 3113 898 3160 raro
913 3088 1059 3178 accidit,
1078 3090 1199 3160 minus
1213 3088 1307 3160 bene
1327 3088 1559 3178 intellexerat,
1580 3106 1642 3161 aut
1658 3091 1722 3163 ubi

106 3230 246 3287 textum
259 3215 335 3286 sive
349 3238 392 3286 ex
407 3211 517 3285 codd.
535 3215 609 3285 sive
625 3213 769 3285 critices
782 3237 852 3311 ope
868 3213 1156 3285 emendaveram.

156 3344 286 3411 Praeter
308 3339 483 3411 lectiones
497 3337 605 3409 codd.
620 3337 721 3409 vind.
735 3341 762 3408 Α
777 3352 812 3409 et
829 3341 873 3425 B,
890 3336 1117 3410 humanitate
1131 3338 1257 3410 Jacobi
1273 3338 1360 3410 Geel
1375 3336 1484 3408 nobis
1508 3338 1546 3408 in
1562 3336 1631 3409 hac
1646 3338 1722 3409 edi·

109 3464 209 3536 tione
229 3461 394 3535 ornanda
403 3461 617 3559 adjumento
634 3462 751 3551 fuere,
769 3486 849 3560 quae
866 3463 904 3533 in
923 3461 1094 3533 biblioth.
1106 3461 1221 3559 Lugd.
1237 3467 1309 3534 Bar.
1326 3477 1515 3533 servantur
1532 3489 1540 3532 ε

157 3587 280 3661 Codex
296 3585 562 3685 Lugdunensis,
579 3588 654 3658 sive
669 3587 791 3685 potius
811 3585 1059 3685 apographum
1072 3585 1220 3676 codicis,
1241 3587 1305 3684 qui
1323 3587 1394 3659 iere
1415 3585 1478 3657 sed
1492 3612 1566 3659 non
1580 3611 1723 3686 semper

107 3712 280 3785 convenit
295 3735 381 3784 cum
395 3716 484 3803 Bas,
501 3710 677 3809 cujusque
691 3711 843 3783 historia
855 3713 992 3784 incerta
1008 3737 1016 3780 ε

157 3836 279 3910 Editio
294 3837 519 3927 basileensis,
535 3835 638 3931 cujus
654 3834 702 3907 ad
714 3834 1012 3934 loliumprimum
1030 3835 1103 3908 hoc
1112 3833 1326 3907 adnotatum
1337 3861 1345 3905 :
1357 3864 1375 3900 ο
1388 3837 1474 3921 Qua
1484 3835 1521 3904 in
1540 3833 1613 3906 hoc
1628 3833 1723 3907 libro

110 3963 262 4059 margini
277 3961 388 4034 adlita
401 3961 584 4057 leguntur,
599 3976 684 4034 sunt
694 3986 736 4035 ex
754 3967 797 4036 G.
808 3961 1292 4061 Falckenburgiicxemplari,
1307 3986 1390 4032 cum
1405 3962 1581 4034 Vaticano
1599 3957 1725 4031 codice

52 4129 55 4133 .
107 4087 156 4160 ab
183 4112 227 4159 eo
243 4086 376 4159 collato
396 4101 432 4157 et
452 4087 586 4158 notatis
609 4086 797 4159 nonnullis
817 4103 938 4161 aucto.
964 4119 981 4153 ο
1001 4087 1091 4176 Sed,
1112 4086 1149 4159 id
1165 4084 1275 4184 ‚quod
1293 4084 1562 4157 Temminckius
1577 4109 1727 4181 quoque

108 4206 297 4298 observat,
312 4231 389 4280 non
407 4223 494 4278 sunt
513 4205 569 4278 hae
581 4206 755 4281 lectiones
769 4233 810 4279 ex
825 4211 939 4280 Vatic.
960 4209 1104 4299 codice,
1120 4234 1204 4281 nam
1218 4209 1354 4307 passim
1368 4208 1477 4281 nimis
1491 4206 1724 4295 differunt3et

107 4334 286 4405 Canterus
306 4333 344 4403 in
367 4345 462 4428 synt.
478 4330 686 4429 praefatione
706 4357 814 4404 usum
829 4357 867 4403 se
889 4332 998 4405 fuisse
1018 4335 1068 4405 ait
1084 4333 1277 4406 collatione
1296 4333 1433 4405 codicis
1446 4330 1621 4420 Vaticani,
1647 4343 1724 4399 tum

107 4457 306 4532 collatione
320 4480 364 4527 ex
378 4453 450 4526 alio
467 4455 505 4525 in
526 4454 623 4527 ltalia
642 4454 776 4554 scripto
795 4455 909 4547 libro,
931 4482 1040 4555 quam
1064 4458 1202 4530 secitG.
1222 4457 1529 4553 Falclrenburgius
1551 4481 1559 4523 :

158 4580 292 4655 Eadem
313 4577 440 4668 editio,
454 4604 534 4677 quae
545 4579 776 4652 bibliothecae
790 4583 898 4653 cessit
914 4607 957 4653 ex
973 4581 1090 4678 legato
1104 4586 1136 4655 J.
1149 4583 1339 4672 Perizonii,
1352 4578 1619 4680 quiadscripsit
1633 4602 1723 4674 pau·

107 4734 171 4782 cas
188 4705 444 4778 adnotationes
467 4703 679 4801 etScaligeri
696 4705 870 4777 lectiones
888 4731 909 4777 e
927 4707 1040 4778 Vatic.
1058 4705 1148 4780 bibl.
1168 4706 1259 4806 plut.
1275 4733 1307 4777 ο.

159 4829 294 4907 Eadem
314 4826 427 4933 editio
447 4852 531 4899 cum
551 4828 647 4901 lectt.
666 4830 816 4902 variant.
837 4834 912 4903 los.
934 4830 1101 4927 Scaligeri
1125 4856 1235 4903 manu
1259 4829 1304 4902 ad
1331 4829 1530 4927 marginem
1551 4827 1694 4925 scriptis
1715 4851 1724 4895 ι

159 4958 192 5026 J.
217 4950 442 5025 Bourdelotii
464 4948 595 5041 editio,
608 4977 692 5024 curn
707 4953 1026 5026 emendationibus
1046 4956 1128 5028 Mss.
1152 4953 1438 5028 llemsterhusii:

161 5075 373 5151 Basileensis
389 5073 515 5162 editio,
530 5098 615 5146 cum
634 5078 716 5150 Mss.
737 5078 923 5151 emcndatt
939 5105 947 5148 ε
965 5083 999 5150 Ρ.
1019 5079 1171 5151 Francii.
