3726 5692
790 320 966 378 EROTlCA.

67 456 138 513 liam
155 475 246 513 meam
269 457 451 515 nutriendam
472 457 660 533 nequissimis
674 455 852 523 ‚hominibus

66 534 291 607 commendavi.¹
306 552 339 608 lit
357 553 387 608 iu
407 552 522 630 AEgypti
546 551 679 630 partibus
694 550 746 608 XX
768 552 852 608 annis

68 646 119 706 sui.
151 647 324 704 advenienti
346 667 415 705 vero
437 661 469 704 ιιι
492 648 582 704 liliam
607 666 698 704 meam
712 661 850 725 peterem,

66 741 204 799 dixerunt
219 762 281 798 eam
301 762 363 800 esse
379 742 551 801 defunctam.
568 742 602 798 Et
614 743 700 813 dum,
718 742 851 800 redivivo

38 849 51 886 ὁ
67 837 163 909 luctu,
186 838 361 914 lugubribus
377 839 558 911 involveret,
575 841 650 897 mori
672 840 801 917 cupienti
815 840 852 895 li-

65 934 134 993 liam
156 956 247 993 meam
265 935 428 995 reddidisti.
446 936 518 994 Cum
535 936 594 995 haec
609 952 637 995 et
658 938 767 995 similia
785 957 852 994 nar-

66 1046 153 1108 raret,
165 1033 273 1091 levarit
291 1053 328 1091 se.
342 1033 530 1091 Archistratis
542 1054 617 1091 uxor
632 1035 740 1112 ipsius,
751 1046 779 1091 et
793 1035 853 1091 ruit

65 1130 96 1187 in
110 1129 275 1207 amplexum
288 1128 363 1205 ejus.
377 1129 552 1206 Apollonius
574 1148 656 1203 vero,
674 1149 733 1186 non
746 1143 851 1207 putans

64 1243 127 1282 esse
141 1225 294 1300 conjugem
310 1244 410 1297 suam,
430 1225 541 1302 repulit
553 1245 616 1283 eam
636 1244 715 1296 ase,
737 1238 765 1283 et
783 1224 849 1297 illa,

26 1335 51 1374 ¹⁰
65 1343 130 1384 cum
155 1324 310 1400 lacrymis,
328 1343 400 1380 voce
421 1342 524 1398 magna
547 1322 700 1396 clamavit,
725 1323 849 1381 dicens:

64 1420 125 1495 Ego
149 1441 211 1479 sum
235 1421 342 1498 conjux
364 1434 412 1478 tua
432 1421 633 1494 Archistratis,
654 1421 731 1497 regis
746 1421 851 1479 Archi·

19 1568 23 1575 .
64 1519 147 1575 strati
168 1519 239 1574 lilia.
257 1517 291 1574 b't
313 1518 428 1576 mittens
442 1538 473 1576 se
498 1518 604 1577 iterum
629 1519 659 1576 in
683 1519 850 1597 amplexum

64 1611 149 1690 ejus,
162 1612 349 1672 osculabatur
365 1633 447 1685 eum3
462 1628 490 1672 et
507 1616 597 1692 coepit
610 1614 707 1673 dicere
729 1636 736 1671 ι
753 1613 800 1672 Tu
820 1634 851 1672 es

63 1708 177 1788 Tyrius
200 1731 282 1770 meus
302 1712 489 1789 Apollonius3
505 1725 535 1769 tu
547 1732 578 1770 es
600 1713 737 1788 magister
756 1732 848 1771 meus.

26 1814 52 1853 ¹³
66 1806 127 1884 Ego
140 1828 202 1867 sum
217 1809 328 1887 conjux
343 1823 407 1881 tua,
421 1828 507 1886 quam
518 1804 627 1888 a'patre
636 1810 783 1887 accepisti,
797 1811 852 1866 hr-

63 1903 203 1962 chistrato
225 1925 307 1981 rege,
327 1918 356 1964 tu
375 1925 406 1964 es
419 1905 575 1980 naufragus
604 1925 689 1983 quem
704 1906 848 1977 adamavi,

64 2022 122 2060 uon
131 2022 218 2061 causa
228 2003 374 2078 libidinis,
388 2004 438 2061 sed
451 2005 590 2063 scientias.
605 2003 645 2059 llli
658 2024 723 2062 rare
733 2004 792 2075 vir,
802 2005 850 2062 dic

65 2099 116 2157 ubi
133 2100 170 2158 sit
183 2101 243 2158 filia
259 2121 332 2159 mea.
354 2099 388 2157 Et
403 2100 529 2158 ostendit
546 2101 574 2158 ei
588 2100 614 2157 'l'
615 2101 721 2158 arsiam
744 2113 772 2159 et
784 2103 825 2159 ait
841 2124 847 2159 :

65 2194 133 2253 llaec
148 2209 199 2254 est.
214 2195 250 2253 Et
264 2195 372 2254 flebant
386 2215 487 2254 omnes
502 2196 630 2254 invicem
648 2216 708 2274 prae
730 2196 849 2271 gaudio.

348 2365 439 2430 CAP.
472 2366 561 2431 XLl.

102 2523 192 2580 Sonat
200 2543 253 2600 per
264 2535 352 2580 totam
366 2523 509 2601 Ephesum
518 2524 642 2600 Tyrium
653 2541 750 2599 regem
759 2524 850 2602 Apol-

62 2621 175 2680 lonium
192 2640 312 2679 uxorem
327 2640 408 2680 suam
429 2621 634 2679 Archistratim
657 2623 846 2697 cognovisse,

61 2739 149 2797 quam
164 2719 343 2777 sacerdotem
364 2717 422 2776 sibi
443 2718 598 2776 habebant.
621 2718 667 2776 Fit
689 2720 849 2797 Apollonio

61 2815 252 2884 convivium,
277 2814 412 2870 laetantur
432 2833 543 2872 omncs.
568 2814 757 2872 Archistratis
778 2835 849 2872 vero

22 2901 219 2974 siconstituit
233 2911 411 2970 sacerdotem
436 2930 522 2987 quam
549 2911 675 2969 babebat
691 2926 755 2991 post
774 2933 804 2971 se
819 2915 849 2970 in

64 3010 175 3086 templo
190 3009 335 3087 priorem;
352 3020 461 3064 etcum
480 3006 629 3080 omnibus,
655 3008 849 3086 Ephesiorum

61 3104 172 3181 gaudio
193 3117 221 3161 et
239 3103 391 3180 lacrymis,
413 3123 478 3160 cum
500 3104 606 3160 marito
628 3116 656 3160 et
675 3105 737 3161 lilia
751 3117 780 3162 et
799 3121 850 3180 ge·

61 3221 153 3272 nero,
177 3191 280 3259 narem
309 3199 449 3259 ascendit.
472 3203 508 3259 Et
532 3201 750 3260 inaestimabilia
775 3222 848 3280 pon·

61 3302 135 3361 dera
149 3301 213 3359 auri
228 3319 325 3358 secum
338 3299 487 3371 tulerunt;
503 3311 532 3357 et
544 3298 741 3358 valedicentes
756 3304 849 3360 omni-

21 3416 50 3455 ao
60 3398 133 3471 bus,
145 3409 297 3476 coeperunt
309 3396 457 3471 navigare.
475 3395 665 3454 Gubernante
683 3397 811 3456 Domino
822 3399 846 3471 ⁴,

61 3495 261 3573 renit'l'yrius
274 3494 639 3572 Apolloniusinciritatem
651 3496 847 3567 Antiochiam,

64 3592 118 3652 ubi
133 3593 227 3650 suerat
237 3592 281 3649 illi
294 3611 415 3666 regnum
427 3605 620 3649 reservatum.
634 3590 670 3648 Et
681 3592 850 3650 volentibus

61 3686 344 3765 omnibus,accepit
362 3706 493 3762 regnum.
513 3686 625 3744 Deinde
643 3689 773 3764 perrexit
787 3687 812 3744 Τ
814 3709 851 3765 y-

63 3786 195 3855 rum,in
216 3786 341 3862 patriam
363 3803 456 3854 suam,
472 3795 500 3841 et
520 3783 625 3857 gaudet
649 3802 715 3840 cum
733 3782 849 3842 civibus

20 3895 48 3933 λ·
62 3881 147 3954 suis,
163 3894 192 3939 et
205 3881 358 3939 constituit
372 3880 404 3937 in
419 3878 484 3936 loco
506 3898 558 3936 suo
573 3878 783 3954 hutinagoram
804 3900 852 3956 ge-

64 3996 168 4036 nerum
184 3997 279 4034 suum.
299 3974 412 4032 Etcum
428 3993 534 4049 genero
554 3986 582 4030 et
603 3974 663 4031 lilia
683 3988 711 4030 et
729 3975 852 4051 conjuge

65 4092 137 4144 sua,
153 4085 182 4129 et
197 4091 261 4129 cum
275 4071 404 4128 exercitu
419 4070 500 4144 regio
514 4070 669 4145 navigans,
682 4071 764 4127 venit
778 4069 851 4128 Tar-

65 4189 149 4239 sum;
167 4180 196 4225 et
216 4167 306 4244 jussit
327 4166 423 4224 statim
439 4165 647 4243 comprehendi
666 4166 849 4242 Strongulio·

66 4283 132 4323 uem
148 4276 177 4320 et
196 4262 405 4340 Dionysiadem
425 4261 578 4338 conjugem
598 4262 673 4338 ejus,
699 4275 728 4319 et
744 4262 850 4320 adduci

24 4373 166 4420 *vcoram
189 4360 327 4420 omnibus
351 4361 467 4420 civibus
492 4349 623 4421 vinctos.
657 4362 771 4431 Quibus
791 4383 855 4442 per·

65 4457 191 4535 spectis,
206 4457 382 4535 Apollonius
396 4459 437 4516 ait
456 4480 462 4514 ι
480 4457 566 4516 Cives
578 4457 667 4516 Tarsi
681 4457 853 4530 beatissimi,

66 4553 212 4631 numquid
227 4555 402 4631 Apollonius
420 4554 529 4631 Tyrius
544 4555 631 4612 alicui
653 4567 781 4612 vestrum
805 4575 853 4612 ex·

65 4649 143 4707 stitit
154 4649 306 4724 ingratus?
320 4651 358 4707 Λι
370 4651 415 4708 illi
428 4670 529 4709 omnes
540 4670 598 4708 una
609 4670 680 4708 voce
694 4650 832 4708 dixerunt
844 4673 850 4708 :

68 4745 111 4804 Te
123 4765 220 4822 regem
234 4760 263 4805 et
275 4761 385 4827 patrem
401 4750 504 4827 patriae
525 4748 666 4807 diximus.
682 4747 807 4826 Propter
827 4760 854 4806 te

25 4870 50 4907 ιι
65 4856 205 4922 optamus
217 4846 292 4903 mori
305 4843 441 4906 libenter.
458 4846 515 4903 Per
528 4858 555 4903 te
566 4847 644 4903 cuim
657 4846 853 4924 periculosam

71 4940 175 4998 famem
191 4940 360 5016 effugimus,
379 4955 406 4999 et
423 4955 546 4999 statuae
568 4941 655 5000 nobis
674 4954 804 5000 testatur.
819 4942 855 5000 Et

70 5038 112 5095 ait
126 5038 318 5115 Apollonius:
333 5039 543 5097 Commendari
555 5040 645 5097 liliam
655 5060 745 5098 meam
757 5041 858 5098 Stron·

1627 339 1684 390 627

899 453 1020 511 reddere
1044 455 1210 512 noluerunt.
1228 456 1372 514 Scelerata
1387 459 1492 516 mulier
1507 460 1547 515 ait
1571 481 1577 515 ε
1603 461 1685 520 boue

898 549 1037 620 dominc,
1053 550 1198 626 numquid
1220 571 1279 608 non
1303 565 1333 608 tu
1357 554 1420 629 ipse
1443 554 1559 610 titulum
1583 575 1684 613 trionu-

900 647 988 703 menti
1004 646 1068 724 ejus
1082 648 1197 722 legisti?
1218 649 1346 705 Domina
1362 650 1474 722 Tarsia,
1489 665 1555 708 nata
1567 652 1682 728 dulcis,

898 745 923 801 si
955 746 1023 821 quis
1048 758 1143 803 tamen
1169 745 1247 823 apud
1270 746 1379 803 inferos
1403 766 1524 819 sensus,
1552 750 1685 825 relinque

899 852 1050 898 tartaream
1063 842 1181 898 domum
1191 884 1199 914 ‚
1208 853 1236 899 et
1244 843 1387 916 genitoris
1397 844 1439 899 tui
1453 863 1553 901 vocem
1566 845 1682 905 exaudi.
1699 845 1725 902 ι’
1746 842 1749 848 Δ

1176 995 1270 1061 CAP.
1302 996 1405 1061 XLll.

936 1129 1038 1188 Puella
1048 1130 1167 1209 depost*
1182 1131 1325 1203 tribunal,
1339 1134 1422 1208 regio
1442 1132 1544 1191 babitu
1559 1135 1685 1193 circum-

896 1222 976 1293 data,
996 1227 1090 1302 capite
1104 1225 1200 1284 velato
1215 1226 1374 1303 processit3
1391 1241 1430 1298 et,
1447 1227 1572 1284 revelata
1593 1229 1682 1302 facie,

896 1320 1013 1378 mulieri
1040 1321 1139 1379 dixit:
1163 1322 1336 1399 Dionysias,
1363 1342 1432 1394 ave,
1454 1324 1547 1381 saluto
1562 1326 1638 1383 enim
1657 1340 1684 1383 tc

896 1416 933 1475 ab
947 1418 1050 1475 inseris
1075 1432 1218 1476 revocata.
1243 1419 1350 1476 blulier
1376 1418 1515 1478 scelerata
1534 1434 1594 1479 toto
1619 1443 1682 1480 cor·
1701 1441 1724 1476 tu

896 1535 969 1592 pore
979 1516 1155 1574 contremuit
1172 1516 1339 1575 :mirantur
1352 1517 1432 1575 cives
1451 1531 1480 1575 et
1492 1519 1628 1594 gaudent.
1651 1521 1684 1578 u

893 1610 982 1687 jussit
992 1611 1096 1670 Tarsia
1110 1611 1212 1669 venire
1232 1611 1448 1689 Theophilum,
1468 1614 1615 1685 villicum,
1636 1617 1682 1674 cui

896 1710 936 1766 ait
948 1731 954 1766 ι
966 1708 1148 1787 Theophile,
1159 1721 1192 1767 ut
1201 1710 1295 1788 possit
1308 1708 1362 1766 tibi
1376 1710 1504 1785 ignosci,
1522 1712 1599 1770 clara
1611 1732 1683 1771 voce

896 1806 1050 1884 responde.
1065 1806 1138 1876 Quis
1146 1806 1400 1864 meinterlicienda
1412 1820 1438 1865 te
1449 1807 1593 1883 obligavit
1604 1810 1683 1868 sibit
1694 1880 1697 1885 .

897 1898 1062 1978 llespondet
1092 1901 1213 1959 villicus
1239 1922 1245 1957 :
1276 1901 1445 1978 Dionysias,
1467 1902 1586 1960 domina
1611 1884 1683 1966 mea.
1700 1925 1724 1962 us

895 1995 979 2054 Tunc
991 2015 1093 2054 omnes
1113 1998 1193 2054 cives
1215 2009 1377 2074 rapuerunt
1394 1997 1631 2073 Strongulionem
1654 2013 1683 2059 et

895 2093 1117 2171 Dionysiadem,
1127 2106 1155 2150 et
1162 2107 1243 2150 extra
1251 2093 1399 2151 civitatem
1406 2094 1612 2172 lapidaverunt
1623 2115 1683 2159 eos.

894 2187 930 2246 Et
953 2208 1019 2246 cum
1044 2189 1154 2247 vellent
1178 2187 1374 2266 Theophilum
1401 2188 1550 2262 occidere,
1571 2190 1684 2250 Tarsiae

896 2284 1078 2359 interventu,
1106 2304 1165 2342 non
1191 2287 1331 2361 tangitur.
1355 2286 1404 2343 tir
1424 2287 1503 2343 enim
1525 2306 1533 2346 ε
1555 2286 1590 2344 Ni
1611 2289 1682 2363 iste,

896 2380 931 2438 ad
946 2379 1150 2440 obtestandum
1162 2393 1191 2439 et
1207 2381 1351 2439 orandum
1365 2380 1477 2452 Deum,
1497 2402 1587 2441 morae
1603 2384 1674 2442 mihi
1699 2404 1725 2443 au

898 2479 1026 2556 spatium
1043 2480 1207 2551 tribuisset,
1228 2479 1304 2536 malo
1330 2498 1376 2536 me
1395 2493 1492 2538 vestra
1511 2481 1603 2558 pietas
1624 2502 1683 2541 non

895 2573 1083 2633 defendisset.
1107 2575 1216 2648 Quem,
1234 2594 1337 2633 manus
1348 2574 1445 2652 jussu,
1463 2576 1546 2634 abire
1570 2578 1683 2638 incolu-

895 2691 985 2743 mem,
1001 2673 1109 2730 collata
1130 2672 1275 2745 libertate,
1296 2674 1454 2752 praecepit3
1476 2687 1504 2731 et
1518 2676 1682 2735 occisorum

895 2771 983 2826 titiam
999 2770 1224 2828 Pbilothemiam
1239 2791 1335 2829 secum
1350 2771 1376 2827 T
1377 2774 1454 2829 arsia
1468 2773 1545 2832 tulit.
1561 2776 1683 2851 Apollo-

895 2865 962 2922 nius
974 2884 1044 2922 vero
1057 2865 1106 2922 dat
1120 2866 1251 2923 laetitiam
1269 2867 1391 2943 populo,
1404 2879 1432 2923 et
1444 2881 1533 2923 voret
1552 2889 1681 2928 munera.
1699 2884 1722 2921 ιι

896 2960 1097 3019 lnstaurantur
1110 2962 1187 3020 muri
1209 2975 1237 3018 et
1257 2974 1370 3032 turres;
1386 2974 1414 3019 et
1428 2976 1558 3021 moratus
1576 2977 1619 3020 est
1640 2966 1683 3024 ibi

896 3078 947 3116 sex
959 3059 1117 3116 mensibus.
1129 3058 1242 3115 Deinde
1255 3059 1404 3132 navigavit
1420 3078 1484 3115 cum
1506 3059 1567 3117 suis
1583 3060 1618 3116 ad
1638 3062 1680 3118 ci·

894 3154 1012 3212 vitatem
1025 3155 1167 3211 marinam
1195 3153 1390 3231 Pentapolim.
1409 3153 1444 3210 Et
1459 3154 1624 3228 ingreditur
1644 3157 1680 3213 ad

895 3271 991 3327 regem
1007 3252 1231 3310 Archistratum.
1248 3251 1416 3309 Coronatur
1430 3251 1552 3323 civitas3
1570 3272 1689 3329 ponun-

895 3361 942 3405 tur
952 3367 1073 3424 organa.
1093 3346 1208 3405 Gaudet
1224 3347 1255 3404 in
1270 3346 1374 3403 ultimo
1387 3347 1543 3404 senectutis
1557 3367 1616 3404 suae
1631 3368 1682 3406 rex
1697 3369 1724 3411 so

895 3442 1217 3521 At·chistratus„ridens
1227 3442 1318 3499 filiam
1326 3454 1355 3499 et
1366 3443 1503 3499 maritum
1508 3486 1516 3518 ,
1527 3456 1555 3498 et
1567 3457 1681 3520 neptem

895 3561 960 3598 cum
976 3542 1082 3599 marito
1093 3541 1145 3618 qui
1156 3553 1292 3617 tanquam
1307 3539 1362 3596 [ilii
1374 3552 1529 3611 venerant,
1540 3553 1569 3596 et
1579 3540 1683 3598 osculo

895 3655 944 3695 eos
959 3638 1093 3714 suscipit,
1110 3656 1175 3694 cum
1189 3635 1298 3713 quibus
1309 3635 1420 3711 jugiter
1432 3655 1491 3692 uno
1504 3654 1581 3692 anno
1597 3637 1680 3694 laetus

896 3731 1048 3810 perdurat.

1163 3829 1255 3895 Car.
1286 3830 1406 3894 ¹llLlll.
1699 3828 1724 3864 ³³

937 3979 1007 4036 Post
1023 3976 1095 4046 lraec,
1107 3974 1236 4053 perlecta
1250 3988 1341 4049 aetate,
1359 3975 1484 4032 moritur
1500 3978 1530 4031 in
1545 3974 1682 4033 manibus

897 4096 1016 4144 eorum,
1037 4075 1187 4131 dimittens
1211 4073 1393 4130 medietatem
1417 4073 1500 4147 regni
1523 4073 1683 4150 Apollonio

897 4185 925 4229 et
939 4170 1119 4228 medietatem
1139 4169 1207 4226 lilioe
1224 4188 1292 4226 suae.
1313 4167 1365 4224 llis
1383 4167 1521 4225 omnibus
1542 4168 1682 4245 peractis,

897 4268 967 4324 dum
982 4265 1183 4325 deambularet
1199 4263 1374 4342 Apollonius
1388 4261 1474 4338 juxta
1496 4281 1588 4335 mare,
1605 4261 1683 4318 vidit

899 4367 1070 4444 piscatorem
1083 4382 1100 4420 a
1114 4383 1172 4440 quo
1186 4362 1278 4420 luerat
1294 4360 1450 4434 naufragus
1471 4371 1640 4436 susceptus,
1657 4370 1683 4416 et
1698 4381 1725 4423 ιο

896 4463 985 4539 jussit
1006 4482 1072 4520 eum
1098 4458 1306 4539 comprehendi
1331 4471 1359 4515 et
1383 4457 1418 4514 ad
1441 4457 1580 4534 palatium
1603 4455 1683 4515 duci.

898 4559 1006 4617 Videris
1020 4559 1147 4636 piscator
1165 4576 1196 4615 se
1212 4556 1248 4614 ad
1261 4555 1401 4634 palatium
1414 4573 1430 4610 a
1442 4552 1586 4610 militibus
1601 4551 1681 4624 duci,
1724 4571 1726 4575 ·
1811 4546 1814 4555 '

899 4655 1020 4734 putabat
1033 4674 1063 4712 se
1075 4655 1204 4712 occisum
1217 4653 1267 4711 iri.
1276 4649 1371 4708 Etubi
1382 4651 1533 4724 ingressus
1547 4660 1590 4705 est
1605 4648 1684 4725 pala·

901 4752 985 4822 tium,
1001 4749 1175 4828 Apollonius
1188 4767 1287 4807 coram
1303 4745 1428 4823 conjuge
1451 4763 1503 4802 sua
1515 4743 1606 4821 jussit
1616 4761 1683 4801 eum

901 4847 1025 4918 adduci,
1039 4858 1067 4903 et
1078 4846 1119 4902 ait
1133 4866 1139 4901 :
1154 4844 1280 4902 Domina
1291 4842 1404 4918 regina,
1415 4841 1464 4898 hic
1473 4853 1516 4898 est
1531 4859 1687 4917 paranym·
1695 4863 1723 4905 u.

902 4946 992 5025 phus*
1009 4962 1106 5016 meus,
1120 4944 1171 5020 qui
1187 4943 1260 5001 mihi
1272 4961 1357 5020 opem
1373 4937 1623 5015 naufragodedit3
1639 4950 1683 5008 et,

902 5057 933 5100 ut
945 5041 981 5098 ad
995 5053 1023 5098 te
1042 5040 1190 5112 venirem,
1206 5038 1332 5097 o'stendit
1349 5039 1414 5096 iter.
1436 5034 1472 5094 Et
1495 5034 1572 5093 dixit
1592 5032 1619 5091 ei
1635 5032 1685 5090 be·

69 5133 186 5211 gulioni
209 5149 238 5193 et
253 5136 427 5214 Dionysiadi
447 5139 533 5196 uxori
549 5138 624 5216 ejus,
646 5158 768 5217 eamque
784 5139 857 5198 mihi
903 5136 1075 5214 nignissime
1092 5157 1098 5192 ι
1115 5133 1227 5208 Vetule,
1240 5155 1294 5211 ego
1302 5155 1366 5194 sum
1376 5133 1401 5191 T
1404 5135 1486 5212 yrius
1496 5131 1684 5212 ApolloniuS,

1551 5257 1587 5302 hl.
