3726 5692
213 260 270 362 sno
823 291 1027 351 orirentur
1049 292 1149 351 urus.
1172 291 1214 365 ς.
1608 287 1656 364 [u.
1671 284 1826 361 usa-au]

78 488 80 498 ‚
205 453 218 479 ι
235 429 305 504 ἡμᾶς
316 422 535 503 συγκαλούμενος.
550 421 604 482 νἯ
613 420 640 480 δὲ
653 419 757 481 Πανθία
765 422 843 502 φησίν
852 443 880 474 ·«
891 420 991 481 Οὐκέτι

12 580 15 587 Ι
205 541 217 565 e
304 537 352 589 μαι
369 512 430 591 περὶ
450 511 495 569 τδν
521 510 626 589 βωμὸν,
649 511 679 568 οὗ
693 514 764 585 θῦμα
785 509 855 568 θύσω
868 510 990 590 λαμπρὸν

188 512 347 681 mim
365 602 441 678 ἀετῶ
456 597 513 666 ἅλις
525 620 570 676 μοι
584 601 637 656 τῶν
653 599 793 674 θυμάτων,
807 595 864 664 ἀλις
880 619 925 674 μοι
939 601 990 656 τῶν

206 716 218 743 ι
236 688 353 770 θρήνων,
368 688 443 767 κόρος
457 712 502 763 μοι
517 691 563 760 τῆς
578 685 740 753 ἀπευκταῖος
749 686 847 758 ταύτης
856 687 993 746 οἰωνοσκο-

178 801 192 839 e
206 805 219 830 r
233 777 304 845 πίας
320 776 369 836 κάν
385 780 399 835 δ
413 776 544 858 θηριώδης
557 778 653 842 ἐκεῖνος
666 775 740 841 ἀετδς
752 774 798 835 καί
812 776 936 842 ἀπαίσιος
944 776 992 834 οὐκ

205 893 219 918 ι
235 866 359 945 ἐκορέσθη
377 872 430 931 τοῖς
443 864 575 941 θύμασιν,
587 855 661 930 οὗτος
673 862 746 929 ἀετὸς
757 865 868 936 ἐκεῖνος,
883 863 992 944 &ilpe-

205 981 219 1006 ι
235 953 339 1031 μηθέως
352 953 456 1033 ὀρύττει
473 950 606 1033 πλευράν,
622 951 649 1018 δς
663 952 720 1009 ὅλον
737 943 810 1031 ἧπαρ
841 948 992 1029 κατέφαγε,

207 1070 219 1096 e
236 1049 281 1103 καί
291 1044 339 1115 τὴν
352 1042 419 1120 ἐμὴν
439 1041 503 1113 ὅλην
517 1041 617 1111 ταύτην
632 1038 749 1121 γαστέρα
760 1043 895 1108 παντελῶς
910 1062 991 1098 κατο-

204 1160 218 1186 ι
235 1132 351 1213 ρώρυχεν
370 1128 621 1210 nutrieritque
640 1126 810 1200 κατεδηδύκει
828 1152 891 1204 μου.
909 1155 922 1181 s
938 1127 994 1188 Καὶ

35 1238 59 1273 ι·
169 1240 194 1280 ro
206 1226 221 1280 θ
234 1223 385 1295 Σωσθένης·
404 1249 416 1273 α
431 1220 479 1295 Μὴ
494 1219 541 1296 τὴν
558 1222 680 1298 γλῶτταν
695 1221 832 1300 προπετῶς
845 1217 913 1278 οὕτω
926 1216 992 1279 κίνει

208 1336 220 1364 ι
235 1310 281 1369 καί
292 1310 414 1383 ἀναιδῶς,
426 1308 464 1386 μή
475 1330 517 1367 σοι
525 1308 572 1367 καῖ
583 1305 648 1374 Ζεύς
656 1309 771 1387 χολωθῇ.
786 1309 941 1383 Πεισθῶμεν
954 1309 993 1386 τῷ

207 1425 220 1451 e
236 1401 377 1474 Θεμιστεῖ.
402 1424 415 1448 ν
461 1397 517 1456 Καί
535 1395 599 1476 πρὸς
620 1395 664 1453 τὀυ
688 1393 828 1468 Σωσθένην
851 1399 868 1465 ἡ
889 1395 993 1457 Πανθία

1037 450 1050 472 υ
1068 429 1145 492 ptius,
1167 428 1258 491 inquit,
1283 426 1313 476 ad
1335 439 1389 476 aras
1408 425 1448 475 ibo
1469 441 1475 471 ε
1499 437 1547 474 nou
1570 423 1674 498 suhiirno
1698 422 1830 473 adruianti

1038 555 1050 580 ι
1068 537 1155 600 aquiioe
1167 535 1292 599 splendida
1305 547 1373 584 sncrn
1386 534 1508 597 praebebo.
1541 534 1605 584 Setis
1618 533 1678 583 mihi
1691 531 1828 582 mentido-

1039 667 1051 691 «
1069 660 1136 709 rum,
1157 647 1215 696 setis
1231 646 1340 696 iustuum
1356 659 1363 693 ε
1379 647 1429 708 inm
1445 657 1518 695 serae
1532 644 1601 694 istius
1618 642 1764 706 aruspicium
1785 655 1825 692 ea·

1038 775 1051 801 r
1069 757 1139 806 tietns
1149 756 1200 818 αῖς
1217 754 1281 818 quod
1294 755 1316 804 si
1329 755 1394 804 ieron
1405 753 1506 817 direque
1518 752 1560 803 illu
1579 751 1685 801 volueris
1700 749 1826 801 seminetis

1038 885 1053 908 ι
1068 877 1118 915 non
1132 865 1247 924 sntintur,
1262 864 1304 914 itin
1321 865 1388 914 certo
1403 864 1521 926 ipsissimo
1543 868 1589 925 eet,
1608 875 1665 925 ques
1685 860 1825 911 Promethei

1039 990 1052 1016 ι
1070 972 1134 1022 intus
1143 971 1243 1022 aduncis
1257 971 1366 1021 iaoersns
1382 971 1518 1032 unguibus,
1528 969 1597 1030 Jecur
1610 968 1721 1027 dilaniat,
1736 981 1793 1017 unm
1802 971 1826 1018 et

1040 1095 1052 1119 r
1070 1077 1161 1127 veniris
1173 1076 1220 1126 mei
1240 1076 1326 1126 intima
1344 1075 1442 1137 etiodit,
1461 1079 1485 1124 et
1496 1075 1587 1123 risoera
1607 1072 1756 1136 depascitur.
1770 1093 1783 1117 ι
1795 1075 1826 1121 itt

1038 1187 1097 1233 tuno
1113 1182 1255 1242 sosthenes,
1272 1181 1439 1242 «Abstineas,
1452 1180 1545 1244 inquit,
1560 1182 1610 1230 inm
1623 1184 1716 1229 temere
1732 1179 1825 1228 iuuere-
1842 1190 1845 1197 ·

1041 1309 1052 1332 α
1065 1289 1191 1352 cundeque
1201 1287 1275 1338 rerba
1290 1289 1443 1350 profundere,
1454 1302 1484 1337 ne
1492 1288 1631 1337 sumenseat
1643 1286 1749 1348 Jupiter.
1782 1287 1825 1335 Pa·

1041 1417 1053 1440 ιι
1071 1374 1167 1447 renrnus
1178 1394 1250 1447 modo
1267 1395 1429 1447 Themistheo.
1443 1414 1456 1438 »
1475 1397 1543 1446 Turno
1556 1391 1656 1445 Panthia
1675 1391 1707 1441 ed
1728 1390 1825 1444 sertim

208 1485 281 1565 φησί’
686 1567 691 1578 ,
1040 1515 1117 1553 nem:

23 1652 27 1659 ,
222 1660 223 1663 ¹
272 1597 303 1645 Σὺ
320 1595 530 1658 potissimunque
542 1596 563 1644 δ’
575 1595 632 1659 ἐμὴν
643 1594 768 1644 αὐθάδειαν

12 1696 16 1701 ·
167 1680 194 1719 th
270 1666 357 1730 Ὀργῆς
366 1684 391 1717 τε
400 1667 533 1731 θρασύτητα
546 1667 578 1729 μὴ
586 1666 713 1724 ’πῖπλησσέ
725 1681 774 1728 μοι·
818 1673 822 1679 “

1092 1618 1125 1659 'ru
1139 1615 1200 1658 mitis
1209 1618 1265 1666 mio,
1274 1626 1333 1659 nene
1347 1614 1504 1672 perdundum,

1095 1687 1197 1740 {nmque
1208 1683 1291 1728 mentis
1304 1684 1378 1739 obitos
1386 1694 1488 1740 asperam
1498 1681 1568 1731 mihis

1042 1811 1056 1836 ι
1073 1804 1129 1842 uam
1141 1791 1198 1841 totis
1209 1791 1341 1840 νίεοετῖθιιε
1351 1791 1432 1840 erden.
1450 1810 1462 1834 υ

1074 1887 1111 1930 ¹5.
1129 1882 1185 1929 Post
1196 1879 1271 1929 rnutte
1285 1880 1348 1928 uitro
1362 1880 1470 1943 nitroque
1480 1877 1557 1938 dicte,
1571 1875 1694 1938 extempio
1707 1875 1820 1925 menania

1042 1973 1180 2025 cubiculum
1190 1974 1264 2023 alintn
1277 1975 1322 2033 est,
1335 1975 1359 2022 et
1374 1977 1439 2023 certe
1454 1973 1543 2022 iercuin
1554 1971 1690 2033 vinumque
1701 1982 1733 2019 eo
1748 1969 1824 2019 omnia

1042 2071 1094 2122 sino
1106 2073 1224 2135 apperntn
1236 2070 1318 2119 minus
1331 2071 1392 2119 testo
1407 2068 1590 2118 conveniebant.
1625 2067 1716 2117 Aderat
1727 2069 1752 2116 et
1773 2065 1825 2115 huie

1043 2179 1132 2216 meusae
1145 2171 1170 2215 et
1185 2165 1312 2215 nobiscum
1330 2164 1397 2213 humi
1410 2161 1524 2212 eoonbuit
1536 2162 1657 2211 formosus
1667 2160 1825 2210 cnosurenes

1043 2274 1115 2325 super
1125 2258 1262 2323 sptendidoe
1273 2258 1376 2322 lapides,
1388 2256 1476 2319 quibus
1486 2255 1599 2306 decenter
1611 2258 1718 2306 stratum
1727 2253 1824 2304 nnhiorii

1043 2358 1121 2408 seium
1142 2359 1201 2406 eret.
1234 2354 1341 2405 Tandem
1369 2365 1451 2403 meuse
1474 2352 1669 2416 prandiumque,
1689 2353 1711 2402 si
1730 2351 1823 2415 quidem

1045 2453 1085 2501 itis
1096 2451 1134 2500 his
1151 2449 1290 2499 nominibus
1301 2460 1387 2497 noeane
1400 2448 1475 2506 iioet,
1497 2447 1569 2496 sunem
1588 2445 1736 2496 habuerunt.
1766 2446 1822 2495 Turn
1849 2505 1851 2510 Ι

1047 2559 1130 2597 rursus
1143 2544 1296 2596 Themisteas
1308 2545 1434 2594 Panthium
1452 2546 1488 2594 sio
1503 2544 1649 2607 oompeiist:
1664 2562 1678 2588 ι
1689 2546 1728 2594 Tu
1745 2546 1769 2594 te
1779 2555 1821 2592 ma·

1047 2662 1060 2687 a
1076 2645 1139 2693 trem
1149 2641 1273 2692 ostendisti
1283 2640 1332 2689 imo
1345 2643 1447 2690 metrum
1457 2640 1513 2690 orie
1524 2616 1729 2703 amantissimam,
1742 2643 1822 2690 etreo

1043 2722 1061 2784 ἰ
1079 2738 1340 2798 formosissimum
1355 2739 1497 2798 renotem,
1512 2749 1586 2799 quam
1606 2750 1694 2799 negsre
1712 2735 1820 2800 phoniun

1047 2852 1059 2878 κ
1076 2835 1119 2897 sit,
1134 2833 1202 2884 interi
1214 2832 1300 2896 nisset.
1312 2834 1445 2891 Preterea,
1462 2832 1488 2882 et
1500 2844 1584 2882 ornnes
1596 2835 1687 2883 mstres
1699 2835 1815 2889 testantur,

1100 2933 1172 2984 Quam
1183 2927 1282 2975 ioeuunie
1291 2930 1320 2974 sit
1326 2940 1367 2987 per
1377 2927 1468 2974 dotores
1476 2928 1568 2984 gignere

1099 3004 1188 3045 Savum

1061 3085 1069 3134 i
1081 3033 1206 3147 equuus
1216 3084 1287 3133 ddern
1299 3084 1431 3144 trahemus,

209 1809 222 1834 α
236 1781 285 1839 ὅλα
299 1781 349 1859 γάρ
366 1781 401 1840 τὰ
416 1779 557 1860 σπλάγχνα
571 1801 621 1855 μου
635 1778 874 1856 καταπίμπραμαι.
890 1803 903 1827 ι

251 1890 287 1932 ιο.
307 1869 386 1931 Μετὰ
396 1874 457 1942 γοῦν
472 1867 504 1941 δὴ
523 1868 609 1928 πολλὰ
623 1870 671 1927 τάν
689 1866 782 1949 μέσῳ,
798 1865 913 1946 τροίπεζα
930 1868 994 1946 παρ’

209 1963 273 2037 ἡμῖν
289 1959 456 2038 αὐτοσχέδιος
472 1960 508 2024 εἷς
526 1957 556 2015 τδ
569 1956 720 2035 δωμάτιον,
736 1955 770 2014 τά
783 1955 809 2013 δὲ
823 1953 884 2035 περί
900 1952 996 2036 τροφάς

210 2051 256 2109 καὶ
275 2049 364 2116 πόσεις
386 2047 529 2128 ἀφιλότιμα
553 2047 600 2106 καλ
621 2047 679 2105 λίαν
698 2044 819 2126 ἀνίορτα.
863 2041 943 2124 Παρά
964 2041 996 2116 δὴ

62 2200 66 2207 ,
168 2166 198 2206 20
212 2138 280 2216 μέση
296 2137 380 2216 ταύτῃ
399 2141 432 2215 τῆ
445 2136 562 2216 τραπέζῃ
574 2135 654 2194 παλιν
667 2139 681 2194 δ
694 2135 772 2202 καλδς
787 2128 835 2207 ἧκε
851 2133 994 2216 Κρατισθέ-

211 2250 273 2298 νης,
288 2225 334 2284 καὶ
347 2226 393 2282 σὺν
409 2225 473 2302 ἡμῖν
488 2223 629 2295 κατεκλίθη
644 2223 712 2282 κατά
728 2224 775 2296 τὴν
796 2228 845 2301 γῆν
869 2223 914 2282 καὶ
929 2221 997 2281 κατδι

210 2317 269 2380 τοὺς
283 2315 384 2385 λίθους,
399 2304 437 2378 οἷς
452 2313 526 2390 μύλα
546 2312 702 2390 τηλαυγέσιν
723 2302 887 2389 ἐκεκόσμητο
900 2309 930 2369 τδ
945 2313 998 2370 δω-

212 2401 314 2477 μοίτιον.
331 2400 385 2461 Καί
409 2402 482 2466 τέλος
498 2400 531 2459 τὰ
549 2399 610 2479 περί
626 2399 673 2471 τὴν
687 2400 819 2479 τράπεζαν
835 2398 880 2458 καὶ
896 2400 998 2458 δεῖπνον

94 2542 97 2570 ,
214 2487 381 2564 ἑλοίμθανεν,
398 2486 422 2546 εί
431 2511 461 2567 γε
474 2488 513 2546 δεῖ
527 2488 660 2568 τράπεζαν
675 2487 720 2546 καί
735 2489 836 2546 δεῖπνον
853 2490 939 2546 ἐκεῖνα
952 2510 1000 2546 κα-

36 2598 39 2605 ’
170 2593 199 2634 τε
213 2574 277 2635 λεῖν
293 2577 339 2636 καί
353 2576 433 2636 πάλιν
449 2576 510 2654 έμδς
523 2576 612 2656 πατὴρ
625 2577 773 2654 Θεμιστεῖις
786 2577 851 2656 πρὸς
862 2577 909 2647 τὴν
926 2579 1000 2636 Παν-

13 2674 17 2687 “
212 2664 270 2724 θίαν
285 2666 381 2747 φησίν·
394 2694 406 2717 κ
420 2664 471 2732 Ὡς
483 2664 571 2745 μήτηρ
585 2665 686 2743 μίνσδ,
701 2666 745 2726 καί
760 2665 849 2745 μάτηρ
861 2664 1000 2745 φιλόπαις,

215 2781 230 2806 e
247 2755 297 2835 οὐχ
312 2747 390 2827 ἧττον
404 2754 431 2813 δὲ
442 2754 487 2812 καλ
506 2754 657 2821 καλλίπαις·
672 2753 786 2832 εἰρήσθω
801 2755 866 2834 γάρ,
883 2753 993 2826 τάληθὲς

214 2869 227 2898 ι
242 2844 290 2902 οὐκ
305 2843 463 2923 ἀρνήσομαι.
482 2843 531 2911 Ὧς
545 2843 572 2903 δὲ
588 2844 634 2903 καί
647 2843 775 2922 γυναιξὶ
796 2844 917 2916 δεινδν,
932 2843 1001 2902 κατδι

215 2959 227 2985 α
243 2930 290 3004 τὴν
302 2933 468 3012 τραγῳδίαν,
484 2934 518 2989 αἱ
531 2932 575 2990 δι’
589 2932 710 2992 ὠδίνων
724 2934 833 3010 γοναὶ,
846 2931 905 2992 ὅλαι
916 2931 1001 3009 μητέ-

66 3072 69 3085 ,
172 3033 227 3074 noe
244 3043 287 3099 ρες
299 3020 575 3100 συμμαρτυρήσουσιν·
590 3018 630 3078 ὅτι
644 3021 667 3078 δ’

278 3162 372 3217 Ἆπλοῦς
382 3163 395 3210 ὁ
404 3160 473 3224 λόγος
484 3165 524 3220 τῆς
534 3159 640 3220 ἀληθείας
655 3160 706 3223 ἔφυ,

216 3287 228 3312 ι
245 3258 331 3318 οἴδασι
343 3260 439 3325 πάντες
448 3260 493 3318 καὶ
507 3258 548 3317 σύ·
561 3259 605 3318 ἐπί
617 3265 678 3338 γοῦν
693 3261 727 3338 σῇ
740 3257 847 3341 θυγατρί
862 3281 1001 3341 νυμφαγω-

216 3376 228 3400 n
245 3348 360 3428 γουμένη
375 3348 479 3412 πάντως
497 3347 530 3405 τά
548 3346 653 3425 θύματα
669 3349 824 3421 τέθυται,δ
838 3350 924 3409 πάντα
942 3348 1003 3416 Διὀς

217 3465 228 3484 ⁰
247 3437 321 3503 ἀετὸς
336 3438 504 3516 ἀνηρείψατο.
518 3439 551 3495 Ei
565 3436 612 3514 μὲν
623 3427 666 3495 οθν
679 3438 823 3503 ἀπαίσιοςθ
836 3437 910 3505 ἀετὸς
918 3438 963 3497 καί
975 3438 1003 3496 τὸ

176 3548 204 3587 ns
218 3554 230 3578 ι
248 3530 356 3602 σημεῖον
372 3528 418 3584 οὐκ
430 3525 542 3601 ἀγαθὸν,
560 3528 606 3584 οὗκ
620 3525 730 3605 ἀκριθὴς
751 3526 924 3593 οῖωνοσκύπσς
942 3527 1002 3606 ίγύι·

216 3641 230 3666 ι
245 3616 267 3670 εἰ
281 3615 303 3671 δ’
324 3613 518 3672 ἀπαισιῶτατύν
535 3636 575 3671 σοι
589 3613 619 3671 τὸ
631 3622 743 3693 πρᾶγμα
758 3615 845 3688 δοκεῖ,
863 3615 909 3675 καί
923 3613 1004 3684 ύντως

217 3732 229 3756 ι
251 3703 321 3761 ἐστὶν
332 3702 545 3776 ἀπαισιώτατον,
559 3709 633 3761 τοῦτο
646 3706 749 3779 μᾶλλον
763 3708 827 3780 ἡμῖν
838 3703 1003 3765 αῖσιῶτατον·

218 3819 231 3843 ι
248 3793 270 3850 εί
286 3790 400 3871 μὲνγὰρ
427 3790 493 3867 μετὰ
512 3791 556 3850 τδν
576 3795 702 3871 νυμφῶνα
724 3793 754 3852 τὸ
775 3798 860 3870 θῦμα,
874 3794 919 3853 καί
938 3795 1005 3863 Ζεὺς

219 3908 231 3930 r
248 3878 367 3938 ἀνανεύει
382 3877 441 3945 τοὺς
461 3878 577 3958 γάμους,
593 3881 640 3939 καί
663 3885 701 3961 τῷ
715 3883 784 3962 ἀετῷ
804 3882 850 3954 τὴν
871 3883 1005 3946 ἀνάνευσιν

176 3985 204 4028 to
220 3995 232 4021 e
251 3968 446 4040 ὑπαινίττεται,
470 3972 517 4029 οὐκ
532 3969 640 4048 ἄκαιρόν
654 3994 695 4030 σοι
709 3971 739 4028 τδ
752 3972 882 4048 δοίκρυον;
897 3976 935 4054 τῷ
954 3975 1005 4055 γύρ

219 4086 231 4111 ι
246 4079 286 4114 τοι
299 4056 442 4131 Ἐπιμηθεῖ
457 4058 487 4117 τὸ
506 4059 662 4135 μεταμέλειν
678 4061 816 4141 ἀνωφελῶς
838 4061 1003 4141 ἀφωσίωται.

219 4176 231 4202 ι
248 4149 283 4207 Εἰ
297 4145 325 4206 δέ
337 4169 377 4206 σοι
388 4145 441 4227 πρθ
452 4151 497 4204 τοῦ
508 4146 594 4224 γοίμου
607 4147 637 4206 τδ
648 4151 728 4223 θῶμα,
744 4147 789 4206 καί
802 4150 886 4219 ζητεῖς
899 4149 929 4208 πδ
941 4151 1005 4229 μέλ-

220 4266 232 4290 «
247 4240 292 4296 λον
315 4240 425 4310 μαθεῖν,
444 4234 489 4293 καί
510 4234 575 4302 Ζεδς
594 4238 641 4295 οὐκ
659 4234 792 4314 ἐπιτρέπει
813 4236 871 4302 τοὺς
892 4238 1006 4317 γοίμους,

221 4355 232 4378 ι
249 4327 295 4385 καῖ
307 4326 367 4382 λίαν
382 4322 493 4398 εὐμενής
507 4346 548 4382 σοι
567 4327 614 4395 τῆς
628 4323 790 4404 προμηθείας
802 4324 876 4402 θεὸς,
889 4326 934 4385 καί
946 4327 1007 4404 περί

180 4438 207 4477 qr,
222 4443 233 4467 ι
250 4417 280 4474 τὸ
293 4413 430 4492 θυγάτριον
451 4414 578 4492 εὐτυχεῖς,
594 4412 620 4471 τί
632 4418 693 4490 γοῦν
715 4415 754 4493 ἐφ’
774 4410 842 4471 ούτω
860 4415 933 4494 καλῷ
947 4415 1008 4484 Διὸς

223 4530 235 4554 ι
250 4504 334 4580 οἰωνῷ
357 4503 449 4579 θρῆνον
466 4502 571 4581 ἐγείρεις
594 4503 639 4560 καὶ
656 4502 788 4574 κωκυτὸν,
809 4501 1008 4584 εὐχαριστήφιύν

223 4616 235 4643 ι
252 4613 277 4647 τι
302 4590 402 4665 μᾶλλον
425 4593 494 4665 θῦμα
516 4589 654 4674 περιφανές
673 4589 812 4669 ὀφείλουσα
829 4592 936 4671 Σωτῆρι
950 4589 1008 4664 Διί,

222 4703 236 4733 ε
250 4676 296 4736 καὶ
317 4681 424 4759 σῶστρα
438 4677 535 4750 ταύτης
548 4684 595 4750 τῆς
610 4683 656 4751 σῆς
674 4679 813 4760 θυγατρός,
839 4680 887 4752 Mi,
899 4688 960 4762 γοῦν
971 4687 1009 4765 τῷ

224 4791 236 4819 e
255 4768 393 4848 ῥυσαμένῳ
407 4792 435 4826 σε
451 4768 495 4828 καί
514 4765 644 4836 κλύδωνος
658 4769 703 4828 καί
721 4770 802 4848 πυρδς
841 4772 944 4830 ἀδικίαν
959 4777 1008 4833 ἐπ-

183 4879 236 4920 uo«
253 4857 412 4934 εγκαλὲσης,
428 4857 468 4916 ὅτι
482 4880 524 4916 σοι
538 4858 567 4916 τὸ
579 4862 625 4929 ζῆν
640 4859 792 4938 ἐχαρίσατο.
810 4885 822 4911 υ

268 4963 302 5000 ιο.
325 4945 409 5010 Μολις
424 4937 468 5003 σύν
490 4955 544 5013 τοῖς
561 4953 606 5004 τοῦ
627 4948 725 5026 πατρὸς
739 4946 837 5014 τούτοις
851 4946 937 5024 λύγοις
951 4972 1007 5008 πει-

1100 3180 1129 3222 nt
1144 3177 1243 3222 vertutis
1253 3177 1362 3233 simplicis
1370 3187 1438 3233 quarn
1448 3175 1515 3220 verba
1523 3175 1578 3229 sint,

1050 3293 1062 3316 ι
1081 3278 1160 3323 tenum
1173 3285 1255 3323 ornnes
1266 3274 1371 3324 norunt:
1383 3276 1409 3324 tu
1420 3279 1517 3337 propter
1525 3272 1597 3337 igitur
1606 3272 1663 3325 ittae
1677 3272 1814 3340 nuptiarum

1050 3381 1063 3407 u
1080 3375 1172 3412 snorum
1196 3362 1332 3427 perfecisti,
1345 3377 1418 3426 qoam
1432 3376 1528 3413 ornnem
1545 3364 1615 3414 soris
1632 3366 1713 3428 aquiia
1726 3361 1813 3427 diripuit

1050 3472 1062 3496 u
1080 3455 1167 3502 Utrum
1178 3452 1275 3503 iniausti
1285 3454 1408 3517 quidpiam
1420 3455 1556 3517 portendit,
1570 3461 1595 3505 et
1610 3469 1685 3507 omen
1694 3452 1813 3511 uunuit

1051 3567 1063 3592 ι
1080 3547 1445 3610 eqoirnuddiserterntiuiuahoq
1451 3549 1540 3600 etenim
1546 3549 1566 3598 si
1573 3549 1813 3612 peumumeuaniru

1052 3666 1064 3690 ι
1081 3645 1184 3707 ridetur,
1196 3646 1222 3696 ei
1231 3658 1312 3694 revers
1322 3651 1366 3704 est,
1378 3658 1407 3695 oo
1418 3647 1504 3708 magis,
1514 3651 1636 3708 quuuturu
1645 3648 1677 3695 ad
1687 3648 1711 3697 te
1723 3644 1812 3709 pertinet,

1052 3761 1064 3783 ι
1082 3740 1186 3790 inunum
1196 3739 1331 3789 babendum
1340 3743 1388 3800 est;
1398 3742 1462 3789 certe
1474 3740 1538 3789 enirn
1549 3739 1570 3788 si
1581 3743 1636 3801 poet
1645 3741 1747 3802 obitum,
1755 3736 1812 3788 inrito

1053 3853 1064 3877 ι
1081 3835 1151 3895 tore,
1157 3827 1340 3883 matrimonium
1350 3828 1811 3897 meritisnrissesquodnquiistihiniore

1054 3929 1163 3977 «miuus
1181 3928 1275 3990 probari
1297 3927 1451 3990 signidoaret,
1475 3929 1573 3978 omnino
1594 3941 1645 3980 nou
1669 3928 1810 3994 uenusto

1053 4042 1065 4066 «ι
1084 4022 1194 4084 iacrymis
1215 4021 1364 4084 indulgeres?
1386 4035 1442 4076 unm
1469 4022 1612 4084 Epimetheo
1635 4022 1748 4075 iuuthiter
1771 4020 1810 4085 ptii

1054 4135 1067 4159 s
1083 4117 1197 4165 eventum
1215 4127 1298 4177 sapere
1314 4128 1454 4165 eoncessum
1467 4117 1504 4165 est
1524 4129 1539 4165 n
1556 4115 1611 4166 diis.
1646 4116 1715 4176 Quod
1738 4114 1809 4166 siue

1054 4229 1066 4252 «ι
1084 4207 1232 4258 ouuuubium
1256 4208 1411 4268 sacrificasti,
1427 4221 1546 4272 casusque
1564 4211 1806 4261 tuturosresnireamr

1055 4324 1067 4348 e
1085 4305 1110 4354 et
1128 4303 1224 4365 Jupiter
1239 4302 1330 4365 nuptiis
1348 4315 1394 4351 nou
1415 4303 1552 4363 assentitur,
1568 4303 1612 4352 tihi
1629 4292 1806 4367 propiuuspoti·

1055 4420 1068 4445 a
1086 4399 1167 4449 dentis
1177 4411 1222 4447 sun
1233 4398 1328 4460 Jupiter
1343 4397 1414 4458 iuret,
1428 4399 1453 4447 et
1465 4395 1529 4460 quod
1543 4397 1574 4446 nd
1590 4397 1666 4450 tiliam
1677 4398 1761 4456 attinet,
1770 4390 1805 4441 i*

1055 4510 1067 4536 ι
1085 4492 1110 4540 tn
1122 4503 1161 4551 ως
1169 4488 1226 4552 quid
1236 4500 1293 4549 ergo
1301 4488 1396 4550 propter
1404 4492 1454 4536 tam
1464 4487 1519 4539 ieiix
1528 4491 1598 4541 toris
1609 4487 1804 4555 unguunuhsn

1057 4605 1068 4629 ι
1086 4583 1232 4646 etejuintuur
1243 4581 1342 4642 excitas,
1350 4594 1426 4643 quum
1434 4583 1521 4642 gratiss
1528 4596 1598 4646 agere
1607 4578 1804 4641 εεθυεοεῖ,θοῦῖ“ί

1057 4698 1070 4722 u
1087 4678 1164 4741 pninm
1172 4674 1316 4725 sucrificium
1327 4674 1473 4724 liberationis
1480 4675 1537 4726 iiiios
1545 4679 1597 4727 tue
1605 4677 1696 4728 debes?
1705 4665 1805 4731 uetiti*

1057 4792 1069 4817 ι
1087 4771 1211 4834 injustitie}
1222 4781 1335 4819 accusare
1351 4783 1424 4826 euni,
1437 4770 1480 4832 qui
1492 4777 1514 4820 te
1525 4776 1550 4821 et
1565 4771 1597 4821 ab
1613 4773 1747 4836 tempestate
1758 4753 1804 4812 θῑθ

1058 4887 1070 4909 «ι
1088 4865 1141 4927 igne
1153 4864 1249 4927 eripuit,
1259 4863 1313 4913 ideo
1325 4862 1389 4925 quod
1405 4861 1478 4913 vium
1491 4863 1536 4914 tibi
1548 4865 1648 4928 largitus
1664 4870 1708 4917 est.
1721 4884 1731 4907 ν

1090 4963 1126 5007 th.
1145 4958 1191 5006 Vix
1206 4958 1257 5007 istis
1267 4956 1417 5007 sermonibus
1429 4957 1503 5018 petris
1516 4956 1589 5007 tidem
1602 4959 1707 5019 habeus,
1717 4951 1804 5008 luent&

223 5033 453 5106 ebriositatibus,
471 5036 516 5091 καὶ
529 5037 621 5112 μικρὸν
635 5041 808 5115 ἀνενεγκοῦσα
822 5040 868 5107 τῆς
884 5039 1009 5115 οἰμωγῆς,
1057 5061 1103 5110 que
1116 5047 1241 5109 pnuiuium
1251 5045 1361 5095 desinens·
1370 5045 1486 5106 Panthia,
1496 5046 1586 5097 ieotuio
1595 5061 1621 5098 ss
1630 5049 1731 5105 tradere,
1740 5037 1804 5090 ΝΜ

225 5119 413 5179 θνακεκλίσθαι
430 5123 555 5195 ξυνέθετο,
575 5123 621 5181 καὶ
637 5125 714 5182 πάλιν
738 5129 938 5207 ἐπαγρυπνῆσαι
957 5134 1011 5194 τοῖς
1057 5148 1104 5198 (μισ
1117 5134 1140 5184 in
1151 5135 1241 5197 templo
1253 5133 1402 5197 pervigilium
1411 5146 1483 5197 egere
1491 5136 1623 5199 commit,
1632 5139 1658 5188 ei
1668 5137 1700 5187 iu
1708 5122 1804 5184 diw
1859 5148 1861 5169 ⁵
