3726 5692
361 1783 413 1850 De
432 1779 625 1851 Eumatlrio
645 1782 719 1851 sive
738 1783 925 1854 Eustathio
943 1786 1049 1880 (nam
1066 1785 1111 1857 de
1128 1812 1213 1858 vero
1232 1775 1389 1860 auctoris
1415 1793 1562 1864 nomine
1584 1797 1649 1868 viri

311 1902 407 1976 docti
429 1902 620 2000 dubitant)
639 1918 675 1975 et
696 1904 741 1976 de
769 1906 846 2001 ejus
867 1905 950 1976 libri
969 1906 1118 1980 historia
1141 1909 1313 1983 litteraria
1345 1898 1555 1987 disserendi¹
1573 1944 1647 1990 nou

310 2042 363 2100 est
392 2027 452 2098 bic
480 2028 592 2100 locus.
634 2027 745 2099 Adeat
776 2028 902 2118 lector,
924 2031 988 2126 qui
1012 2031 1057 2102 de
1079 2032 1135 2104 bis
1165 2050 1321 2130 quaeret,
1346 2038 1512 2108 notitiam
1538 2064 1648 2136 quam

309 2152 596 2250 interpretationi
614 2152 808 2224 vernaculo
826 2178 995 2225 sermone
1020 2154 1141 2227 multis
1165 2156 1300 2229 abhinc
1319 2161 1458 2231 annisa
1486 2185 1543 2232 me
1565 2187 1649 2234 con-

308 2277 448 2374 scriptae
464 2292 500 2347 et
516 2277 666 2372 vulgatae
684 2276 737 2372 (ι)
762 2276 908 2375 praefixi,
928 2293 963 2348 et
983 2281 1180 2377 praesertim
1199 2288 1238 2352 F.
1261 2288 1418 2373 Osanni,
1438 2285 1507 2355 viri
1529 2287 1648 2358 erudi·

310 2400 454 2491 tissimi,
470 2403 709 2493 Proleqomeaa
729 2401 774 2474 cd
789 2405 969 2474 Eustathit'
984 2406 1240 2476 Macrembolitoe
1260 2407 1491 2480 delictoribus
1508 2411 1646 2503 llysmi·

307 2528 375 2596 πίω
396 2536 429 2597 et
449 2526 626 2619 llysmines
652 2527 772 2598 drama
800 2529 842 2599 ab
869 2551 903 2599 se
923 2515 1251 2620 edendumGissae,
1273 2534 1497 2621 MDCCCLV‚
1517 2536 1566 2618 4⁰.

355 2649 494 2737 Quibus
509 2663 630 2721 autem
645 2650 784 2721 auxiliis
794 2649 938 2754 adjutus
951 2650 1079 2722 luerim
1091 2651 1136 2722 ad
1145 2654 1345 2725 sanandum
1357 2654 1527 2727 editionis
1539 2657 1646 2728 Gaul·

308 2774 473 2844 minianae
488 2787 699 2845 contextum
710 2775 1030 2871 paucisexpouam.
1048 2775 1196 2846 Codices
1208 2777 1381 2848 tredecim
1398 2780 1474 2875 ipse
1491 2780 1643 2867 contuli,

308 2903 489 2969 Romanos
503 2898 805 2997 scilicetquinque
815 2913 850 2969 et
860 2899 1035 2970 Parisinos
1048 2913 1141 2969 octo.
1159 2904 1236 2970 Imo
1250 2902 1359 2972 trium
1368 2903 1641 2974 Monacensium

307 3023 492 3094 Variantes
502 3023 674 3095 lectiones
690 3025 725 3093 in
738 3047 824 3093 usus
834 3046 933 3093 meos
946 3037 1107 3094 enotatas
1120 3048 1263 3094 summa
1271 3023 1485 3095 liberalitate
1498 3049 1641 3096 mecum

306 3147 587 3218 communicavit
603 3147 657 3217 vir
674 3146 903 3217 doctissimus
920 3159 954 3215 et
976 3146 1214 3216 amicissimus
1229 3152 1278 3216 lo.
1296 3151 1403 3218 Geor.
1428 3146 1639 3242 Krabinger,

306 3271 385 3359 cui,
402 3269 497 3342 illius
510 3272 619 3366 gratia
633 3271 804 3343 Vaticana
830 3284 865 3342 et
882 3269 1037 3341 Parisino
1051 3270 1187 3368 Syuesii
1205 3271 1449 3367 manuscripta
1463 3270 1640 3368 exempla·

179 3421 183 3428 ·
307 3397 359 3467 ria
384 3396 625 3485 conserendo,
651 3398 751 3494 paria
777 3395 924 3494 paribus
958 3397 1091 3468 referre
1115 3397 1205 3468 mibi
1227 3397 1391 3492 contigit.
1421 3396 1642 3484 Quinetiam

305 3520 469 3592 codicem
491 3521 770 3592 Ambrosianum
788 3520 981 3593 Mediolani
1007 3522 1160 3619 inspexi3
1176 3519 1432 3619 septemdecim
1454 3521 1561 3618 igitur
1580 3546 1641 3592 co-

306 3645 404 3719 dices
420 3645 512 3718 mibi
526 3645 688 3718 subsidio
703 3645 862 3734 suerunt,
879 3670 1037 3742 quorum
1053 3645 1245 3741 descriptio
1260 3647 1434 3743 sequitur.

864 3841 1083 3946 vincant

356 4089 397 4156 A.
420 4125 467 4137 -
494 4085 596 4153 CXIV
622 4079 737 4150 forma
764 4090 910 4174 quarta,
936 4075 1062 4146 charta
1091 4073 1333 4170 bombycina,
1373 4072 1501 4145 litteris
1521 4075 1640 4146 minu-

307 4209 452 4281 tissimis
485 4206 679 4302 multisque
704 4200 931 4303 compendiis
955 4200 1128 4296 scriptus,
1164 4198 1344 4294 quemad
1375 4198 1545 4269 saeculum
1578 4204 1637 4269 Xll

308 4335 468 4405 limatius
492 4330 687 4418 referebat,
712 4352 778 4424 ego
809 4340 930 4399 autem
948 4322 1077 4397 saeculo
1100 4326 1182 4395 Xlll
1208 4321 1453 4417 antiquiorem
1468 4343 1542 4392 non
1564 4321 1635 4390 exi·

305 4460 427 4532 stimo.
448 4475 450 4479 ’

348 4721 378 4797 (1
390 4730 398 4799 t
412 4726 570 4780 Aventures
584 4718 620 4775 de
636 4716 771 4791 Hysmint
785 4726 815 4771 et
833 4713 992 4789 Eysminias
1010 4730 1064 4787 par
1085 4709 1227 4767 Eumathe
1248 4705 1485 4778 Macrembolite,
1501 4699 1639 4759 tradultes

307 4829 349 4890 du
359 4829 447 4901 Grec,
462 4846 529 4886 avec
542 4827 590 4885 des
604 4842 768 4898 remarques
782 4842 835 4899 par
848 4823 900 4883 Ph.
916 4824 958 4878 Le
971 4823 1034 4892 Bas,
1047 4819 1141 4888 Paris,
1154 4820 1170 4874 J
1175 4861 1181 4877 .
1195 4818 1223 4875 S.
1235 4817 1349 4886 Medio,
1366 4811 1452 4871 1828.
1469 4806 1593 4888 (ΜΝ
1606 4806 1642 4864 de

305 4937 332 4995 la
344 4937 502 4996 collection
516 4934 566 4992 des
580 4934 706 4992 Romans
714 4929 822 5008 greca.)

960 5042 985 5078 ΙΙΙ
