3726 5692
202 320 256 370 112
854 301 1035 362 scutatis
1057 302 1160 359 ΤΛΤΙΙ

236 438 291 497 liv,
307 434 388 514 Παρδι
403 435 430 492 δὲ
448 437 491 493 τὀν
513 435 589 493 αιἰτδν
611 434 704 513 χρόνον
719 434 763 491 καὶ
783 437 799 502 ἡ
825 432 982 502 Λευκίππη,
1063 442 1129 488 ΧΙΙΙ.
1142 443 1188 489 Per
1196 439 1259 488 idem
1267 443 1362 502 tempus
1371 440 1492 503 Leucippe
1501 441 1655 490 domunculae
1664 440 1726 491 iores
1733 444 1817 505 poten

197 525 242 590 τάς
257 524 304 600 μὲν
318 529 362 580 τοῦ
378 522 512 597 δωματίου
535 523 616 599 θύρας
637 523 802 600 ἀνεῳγμένας
823 525 925 599 δρῶσα,
941 519 985 577 τὸν
1031 531 1075 588 tas,
1087 529 1228 578 sosthenem
1239 529 1362 578 absentem
1373 529 1465 587 videns,
1477 528 1686 591 circumspiciebat
1700 543 1760 578 num
1769 533 1817 581 So·

197 613 222 670 δὲ
235 609 373 680 Σωσθένην
389 611 426 682 μὴ
441 610 578 686 παρόντα,
596 609 765 687 περιεσκόπει
781 609 818 684 μὴ
833 608 885 689 πρὸ
901 611 984 688 θυρῶν
1031 618 1128 667 sthenes
1137 620 1193 666 ante
1202 618 1302 677 ianuam
1317 619 1378 666 sorte
1392 618 1472 666 adhuc
1492 618 1647 678 constitisset,
1659 621 1818 681 posteaquam

197 701 248 772 εἴη.
291 699 337 762 Ώς
348 698 369 754 δ’
380 723 413 768 ην
428 699 554 773 οὐδαμοῦ,
565 697 658 776 θάρσος
672 699 737 774 αὐτῇ
752 697 797 754 καὶ
806 698 878 761 ἐλπὶς
893 699 909 765 ἡ
925 719 984 753 συν·
1032 720 1087 754 eum
1098 719 1218 767 nusquam
1230 706 1368 768 conspexit,
1386 705 1474 755 inducia
1483 706 1518 755 iili
1534 710 1558 756 ct
1570 706 1819 769 spesquammuerc

171 790 260 860 σάθης
282 786 474 865 ὑπεισέρχεται.
517 785 619 860 Μνήμη
635 784 685 864 γάρ
708 787 774 864 αὐτῇ
798 789 843 842 τοῦ
858 783 985 849 πολλάκις
1031 793 1262 855 sciebat‚redibant.
1295 797 1375 851 Quum
1385 794 1450 843 enim
1461 797 1611 857 suspicantes,
1621 799 1646 843 et
1655 794 1819 857 extmpcratu

80 866 84 873 ’
198 875 270 956 παρδι
286 875 360 943 δόξαν
376 877 516 943 σεσῶσθαι,
525 874 589 951 πρδς
600 872 630 931 τὸ
642 874 726 951 παρόν
735 875 787 930 τῶν
800 871 924 930 κινδύνων
938 871 984 940 τὴν
1031 883 1129 945 quidem
1141 883 1411 945 maximisespericutis
1425 883 1651 943 ereptamsetuisse
1660 883 1685 931 in
1699 883 1820 933 memoria

199 965 291 1023 ἐλπίδα
303 961 435 1044 προύξένει
453 963 621 1041 ἀποχρῆσθαι
641 959 777 1040 τῇΤύχῃ.
822 952 920 1031 Καίῆν
934 960 984 1037 γάρ
1032 970 1144 1029 liaberet,
1166 977 1217 1019 tum
1232 984 1329 1034 qunque
1348 984 1415 1032 spem
1432 971 1556 1033 concepit,
1578 954 1680 1020 ¹fortanus
1699 970 1820 1021 beneficio

198 1057 249 1111 τῶν
271 1056 358 1130 ἀγρῶν
371 1050 482 1121 πλησίον
496 1050 525 1107 τό
545 1054 591 1119 τῆς
608 1050 757 1128 ’Λρτέμιδος
770 1050 849 1125 ἱερὸν,
867 1049 984 1129 ἐκτρέχει
1033 1059 1124 1108 utendi.
1157 1063 1219 1110 tiam
1238 1072 1294 1108 cum
1317 1059 1400 1108 Dianoe
1420 1059 1451 1107 ab
1476 1059 1538 1121 agris
1561 1059 1607 1108 iilis
1628 1059 1749 1122 tempium
1771 1072 1822 1110 non

198 1147 221 1202 τ’
237 1142 278 1200 ἐπ’
293 1142 366 1210 αὐτὸ,
378 1140 423 1197 καὶ
436 1139 527 1218 ἔχεται
537 1145 584 1196 τοῦ
598 1138 658 1199 νεώ.
701 1139 740 1198 Τδ
752 1139 779 1196 δὲ
790 1137 904 1195 παλαιόν
919 1137 985 1194 οἷύα·
1031 1144 1212 1208 iongesbesset,
1227 1147 1443 1209 domocgressain
1459 1146 1555 1197 iiiudse
1570 1147 1745 1210 recepit,etco
1760 1160 1820 1198 cou-

161 1254 240 1298 ruro;
265 1223 297 1303 ἦν
313 1228 426 1306 γυναιξὶν
443 1226 587 1307 ἐλευθέραις
607 1218 680 1293 οὗτος
696 1230 710 1284 δ
729 1226 806 1298 νεὼς,
832 1225 941 1305 ἀνδράσι
963 1227 984 1283 δ’
1032 1236 1101 1298 rugit.
1136 1236 1268 1286 Delubrum
1288 1249 1345 1284 vero
1362 1235 1425 1283 istud
1445 1235 1525 1284 tiberis
1540 1235 1822 1298 mulieribusquondam

199 1319 378 1399 ἐπετέτραπτο
396 1315 442 1374 καί
457 1315 605 1394 παρθένοις.
649 1316 681 1375 Εἰ
694 1314 721 1372 δέ
739 1339 777 1381 τις
793 1314 855 1372 εἴσει
867 1316 985 1394 παρῆλθε
1032 1323 1181 1372 inaccessum
1196 1326 1248 1372 erat
1262 1342 1268 1372 ε
1280 1324 1337 1372 viris
1348 1326 1428 1372 autem
1448 1326 1473 1372 et
1486 1323 1617 1386 virginibus
1630 1324 1748 1386 patebat:
1762 1337 1820 1375 carn

172 1466 175 1471 4
200 1409 281 1485 γυνὴ,
305 1405 413 1470 θάνατος
436 1394 466 1474 ἦν
486 1403 592 1474 ἡδίκη,
606 1403 675 1473 πλὴν
697 1405 720 1460 εἰ
742 1400 779 1477 μὴ
802 1402 881 1472 δούλη
902 1425 940 1468 τις
954 1394 985 1472 ἦν
1032 1413 1134 1474 capitale
1148 1411 1238 1475 alioqui
1256 1411 1519 1470 traheretur,muiieres
1534 1410 1641 1473 ingredi,
1653 1413 1823 1475 pmurquam

199 1499 346 1573 ἐγκαλοῦσα
361 1491 533 1573 τῷδεσπότῃ.
578 1491 672 1570 Ταύτῃ
688 1490 710 1549 δ’
725 1491 783 1562 ἐξῆν
797 1488 922 1548 ἱκετεύειν
937 1489 985 1559 τὴν
1032 1515 1116 1551 servas
1129 1500 1153 1549 in
1166 1501 1207 1562 jus
1218 1500 1249 1548 ab
1263 1501 1321 1549 hero
1333 1502 1447 1548 vocatas:
1461 1500 1491 1549 iis
1502 1500 1567 1548 enim
1583 1499 1694 1549 adduam
1706 1500 1823 1564 coniuge·

201 1584 266 1656 θεὸν,
284 1586 307 1641 oi
321 1584 343 1640 δ’
359 1582 483 1660 ἀρχοντες
498 1579 615 1648 ἐδίκαζον
634 1583 701 1659 αὐτῇ
714 1603 741 1637 τε
753 1578 799 1637 καὶ
812 1581 850 1658 τῷ
861 1579 985 1654 δεσπότῃ.
1034 1603 1059 1638 re
1074 1588 1169 1638 licebat.
1203 1590 1301 1638 Actum
1316 1587 1415 1650 quidem
1427 1588 1556 1637 archontes
1566 1588 1628 1638 inter
1641 1587 1764 1649 ancillam,
1777 1589 1821 1639 ha·

163 1690 185 1726 ιε
201 1671 256 1730 Καὶ
271 1673 293 1728 εἰ
311 1669 358 1746 μὲν
379 1672 392 1726 ὁ
423 1669 550 1739 δεσπότης
569 1668 642 1726 οὐδὲν
666 1666 756 1747 ἔτυχεν
783 1668 890 1737 ἀδικῶν,
916 1657 987 1732 αὖθις
1010 1678 1013 1709 ¹
1034 1662 1137 1740 rumque
1161 1677 1304 1727 sententiam
1325 1676 1442 1726 terebant.
1475 1677 1500 1726 Si
1524 1676 1589 1725 enim
1613 1689 1708 1726 serram
1730 1675 1822 1738 injurm

199 1759 247 1830 τὴν
263 1759 422 1836 θεράπαιναν
438 1755 597 1832 ἐλάμύανεν,
612 1756 711 1833 ὀμόσας
726 1752 764 1830 μὴ
779 1753 986 1831 μνησικακήσειν
1010 1718 1013 1795 Λ
1033 1766 1203 1815 domiuusnon
1217 1766 1344 1825 affecisset,
1360 1778 1414 1814 eam
1433 1776 1516 1814 rursus
1526 1764 1552 1813 in
1563 1765 1703 1814 servitutem
1717 1766 1823 1829 recipie-

200 1851 247 1918 τῆς
261 1851 427 1926 καταφυγῆς·
439 1847 461 1902 εἷ
470 1847 492 1902 δ’
504 1844 587 1913 ἔδοξεν
600 1849 617 1914 ἦ
631 1845 777 1920 θεράπαῑνα
791 1844 880 1899 δίκαῑα
892 1843 987 1918 iimcc,
1011 1828 1013 1855 Ι
1034 1856 1084 1914 bat,
1098 1856 1209 1916 fugaeque
1229 1853 1293 1902 iliius
1305 1855 1447 1903 memoriam
1462 1866 1487 1902 se
1497 1866 1546 1902 non
1561 1852 1665 1915 amptius
1678 1853 1822 1904 habiturum

200 1934 289 2010 ἔμενεν
306 1937 384 1992 αὐτοῦ
401 1933 480 2004 δούλη
503 1957 535 2011 τη
558 1935 620 2013 θεῷ.
663 1930 736 2010 ’Λρτι
756 1929 782 1988 δὲ
798 1935 842 1988 τοῦ
857 1931 986 2008 Σωστρά-
1032 1942 1191 2004 jurejurando
1214 1941 1352 1991 affirmabat
1364 1958 1370 1990 :
1383 1943 1419 1990 sin
1440 1943 1522 1990 autem
1543 1941 1654 1990 suctiiam
1665 1939 1732 2003 juste
1752 1944 1822 2004 queri

201 2047 247 2082 του
264 2023 308 2081 τδν
331 2023 401 2101 ἱερέα
415 2021 630 2101 παραλαύόντοι,
646 2020 691 2078 καὶ
707 2019 751 2077 ἐπὶ
775 2018 808 2077 τὰ
832 2018 986 2098 δικαστήρια
1033 2033 1184 2093 compertum
1198 2031 1289 2089 ευῑεεεε,
1300 2033 1358 2079 tunc
1372 2043 1401 2079 eu
1412 2029 1464 2078 dere
1474 2029 1612 2078 ministeriis
1620 2028 1715 2079 addicta
1723 2012 1777 2080 illic
1788 2044 1825 2079 re·

161 2112 383 2190 wusptiio'ttos
402 2113 437 2176 ὣς
452 2109 484 2167 ἂν
499 2109 595 2188 ἐπίσχῃ
610 2108 658 2175 τὰς
674 2108 764 2178 δίκας,
787 2108 864 2172 tietb
879 2106 947 2186 ἱερὸν
971 2113 986 2176 ἡ
1034 2119 1156 2170 manebat.
1190 2120 1297 2167 Sostrato
1317 2118 1388 2180 igitur
1412 2117 1575 2178 sacerdotem,
1591 2118 1633 2179 qui
1658 2122 1825 2180 quaestionem

203 2201 344 2271 Λευκίππη
357 2203 454 2278 παρῆν,
465 2196 532 2255 ὥστε
544 2203 637 2277 μικροῦ
652 2220 717 2263 τινος
731 2195 876 2275 ἀπελείφθη
889 2201 934 2253 τοῦ
950 2195 986 2272 μὴ
1034 2206 1124 2254 dittcrri
1135 2205 1239 2267 iuberet,
1251 2205 1281 2253 ad
1297 2205 1376 2254 iorum
1397 2205 1509 2265 ducente,
1521 2205 1640 2267 Leucippe
1649 2208 1771 2270 ternplum
1783 2208 1823 2258 in·

200 2294 238 2368 τῷ
253 2288 334 2367 πατρί
350 2296 494 2366 συντυχεῖν.
1033 2309 1113 2357 gressa
1124 2297 1169 2353 est,
1182 2307 1315 2356 parumque
1327 2293 1412 2351 abiuit,
1421 2295 1479 2355 quin
1489 2294 1550 2356 patri
1558 2294 1656 2343 obviam
1664 2295 1742 2345 tieret.

243 2376 299 2436 lu‘.
315 2375 364 2440 Ὡς
380 2377 401 2431 δ’
418 2373 573 2451 ἀπηλλάγην
587 2371 639 2451 ἐγὼ
653 2377 704 2431 τῶν
718 2373 852 2453 βασάνων,
867 2372 987 2430 διελελυν
1065 2387 1129 2434 xii'.
1141 2386 1257 2442 Mevero,
1277 2382 1379 2431 simulac
1392 2382 1489 2431 dimissa
1507 2382 1623 2432 concione
1640 2383 1735 2434 solutus
1755 2398 1823 2448 sum,

202 2487 232 2522 το
247 2463 294 2539 μὲν
311 2462 339 2520 τὸ
355 2461 532 2539 δικαστήριον,
549 2460 626 2538 ὄχλος
640 2460 663 2516 τ’
674 2451 705 2530 ἦν
721 2460 781 2538 περὶ
794 2460 840 2535 ἐμὲ
852 2460 897 2517 καὶ
910 2460 987 2538 θόρυ-
1034 2476 1116 2535 iugens
1135 2472 1266 2522 multitudo
1287 2471 1453 2532 circumsepsit
1472 2474 1498 2520 et
1517 2472 1588 2521 turba
1607 2476 1669 2534 erat,
1688 2476 1765 2535 atque
1781 2474 1825 2525 aiii

162 2570 188 2604 as
205 2550 257 2622 6ος,
264 2554 315 2608 τῶν
329 2548 376 2626 μὲν
391 2549 544 2620 ἐλεούντων,
560 2551 611 2606 τῶν
627 2548 649 2605 δ’
665 2549 888 2619 ἐπιτωθαζόντων,
901 2553 952 2607 τῶν
966 2549 987 2606 δ’
1034 2561 1131 2624 quidem
1138 2561 1215 2610 vicem
1226 2573 1304 2610 meam
1312 2560 1436 2619 dolebant,
1446 2561 1554 2609 nonnulii
1564 2574 1604 2610 ure
1611 2562 1824 2625 conviciabantur,

203 2636 465 2714 ἀναπυνθανομένων.
508 2633 593 2695 Ἔνθα
613 2635 659 2694 καί
678 2640 691 2695 ό
707 2635 862 2716 Σώστρατος
882 2640 988 2703 ἐπιστὰς
1034 2650 1131 2712 qnidam
1142 2663 1181 2698 me
1191 2649 1391 2711 interrogabant:
1407 2650 1469 2698 inter
1480 2662 1542 2712 quos
1554 2649 1651 2699 adstans
1660 2650 1711 2713 ipse
1723 2665 1826 2715 quoquc

202 2730 250 2806 δρᾷ
264 2749 297 2797 με
309 2725 353 2782 καί
368 2723 495 2803 γνωρίζει.
541 2723 596 2783 Καὶ
610 2722 676 2803 γὰρ,
690 2724 841 2803 diripui&
856 2727 987 2804 ἆρχῇτῶν
1035 2740 1164 2798 sostratus,
1180 2740 1208 2788 ut
1220 2737 1289 2801 vidit,
1306 2751 1346 2786 me
1364 2736 1474 2800 protinus
1485 2738 1592 2800 agnovit.
1624 2741 1738 2800 Nam,ut
1754 2741 1827 2791 initio

203 2815 298 2890 λόγων,
327 2816 353 2871 ἐν
376 2812 457 2893 Τύρῳ
475 2815 532 2870 ποτ’
548 2810 662 2890 ἔγογόνιι
684 2814 744 2891 περὶ
762 2811 808 2882 τὴν
834 2816 885 2869 τῶν
900 2811 987 2892 Ἡρα·
1034 2827 1125 2876 dictirm
1138 2828 1182 2886 est,
1195 2825 1335 2887 Tyrieiiam
1349 2826 1695 2889 ipsequoudsmerat,quum
1710 2830 1827 2881 Herculis

202 2901 294 2960 κλείων
307 2899 410 2980 ἑορτὴν,
424 2900 470 2959 καί
483 2898 579 2980 χρόνου
591 2903 688 2958 πολλοῦ
707 2901 844 2981 διατρίψας
858 2901 949 2979 ἔτυχεν
963 2905 988 2958 ἐν
1035 2916 1110 2965 sectus
1129 2914 1180 2965 dies
1195 2917 1323 2978 ageretur:
1341 2914 1439 2976 illicque
1462 2914 1502 2962 diu
1517 2913 1648 2963 admodum
1671 2918 1728 2967 ante
1742 2917 1826 2982 rugen

163 3009 189 3048 so
202 2989 292 3071 Τύρῳ,
306 2989 357 3068 πρδ
368 2991 466 3048 πολλοῦ
482 2993 528 3059 τῆς
542 2988 672 3068 ἡμετέρας
683 2994 775 3070 φυγῆς.
816 2987 904 3048 Ὥστε
918 2989 988 3068 τάχα
1035 3006 1142 3052 uestram
1157 3006 1321 3052 commoratus
1342 3005 1378 3051 est
1399 3022 1405 3050 :
1423 3004 1573 3064 Quapropter
1590 3004 1659 3053 iaciic
1674 3004 1826 3057 hominitnit

204 3101 253 3154 μου
263 3078 311 3148 τὴν
324 3077 427 3158 μορφὴν
443 3077 618 3154 συνεόάλὲτο,
634 3077 679 3135 καὶ
692 3076 735 3136 διδι
746 3079 775 3135 τὸ
787 3077 904 3136 ἐνύπνιον
914 3077 988 3158 ρύσει
1036 3105 1075 3141 mc
1086 3092 1239 3153 cognovisse,
1250 3090 1382 3153 praesertim
1397 3103 1473 3151 quum
1485 3090 1509 3139 in
1523 3091 1613 3141 somnis
1632 3105 1765 3154 quoquesc
1780 3107 1826 3145 nos

202 3168 354 3244 προσδοκῶν
365 3165 484 3245 εὑρήσειν
495 3170 576 3242 ἡμᾶς.
623 3158 988 3244 Προσελθὼνοδνμοι·ίίλει-
1038 3182 1189 3241 reperturum
1209 3178 1349 3227 admonitus
1370 3179 1460 3227 suisset.
1494 3181 1688 3243 ltaquepropius
1705 3194 1825 3233 mccccc-

202 3258 287 3334 τορών
304 3245 392 3326 οὗτος,
407 3253 550 3325 Λευκίππη
564 3253 592 3311 δὲ
603 3260 667 3326 ποῦς
687 3254 758 3331 Ἐγὼ
775 3254 822 3329 μὲν
837 3246 880 3313 οὖν
895 3256 989 3334 γνωρί-
1035 3267 1162 3328 dens,iiic,
1171 3267 1316 3326 mehercule,
1325 3267 1412 3328 inquit,
1422 3266 1550 3328 ciitopiron
1559 3271 1603 3316 est.
1637 3269 1828 3333 Leucipperero

203 3367 250 3409 σας
273 3343 362 3409 αὐτὸν,
389 3345 424 3409 εἰς
448 3347 496 3419 γῆν
511 3342 668 3401 κατένευσα·
684 3346 707 3400 οἱ
729 3344 756 3400 δὲ
777 3344 902 3422 παρόντες
918 3347 988 3424 αὐτῷ
1035 3356 1149 3404 ubinam?
1163 3357 1226 3404 Tum
1238 3367 1291 3416 ogo,
1312 3354 1353 3402 itio
1367 3355 1461 3416 agnito,
1481 3356 1578 3404 ruitum
1592 3356 1660 3405 humi
1677 3357 1750 3409 detixi
1764 3360 1825 3423 :qni

162 3451 189 3491 aa
203 3436 338 3510 διηγοῦντο
354 3429 403 3488 ὅσα
416 3422 488 3488 εἷπον
505 3431 562 3488 κατ’
576 3432 705 3506 ἐμαυτοῦ·
725 3429 771 3488 καὶ
785 3430 811 3495 ὃς
826 3431 986 3506 ἀνοιμώξας,
1035 3443 1304 3504 εθεεεειῑ,ηειειιεειειοιιε
1318 3446 1402 3491 contra
1413 3455 1451 3489 ure
1462 3443 1540 3504 ipsum
1551 3457 1727 3506 perorarercm,
1737 3460 1825 3499 receer-

204 3521 249 3578 καὶ
261 3519 407 3599 κοψάμενος
426 3519 474 3588 τὴν
486 3517 613 3597 κεφαλὴν,
634 3520 741 3599 ἐμπηδᾷ
759 3541 809 3594 μου
823 3526 876 3583 τοῖς
888 3521 987 3598 ὀρθαλ-
1036 3532 1145 3579 suerunt.
1178 3533 1210 3581 at
1222 3530 1263 3579 iiie
1274 3541 1390 3592 perquam
1403 3531 1508 3592 graviter
1519 3532 1690 3593 ingemiscens,
1700 3536 1825 3599 cawiquc

204 3609 262 3680 μοῖς
276 3609 321 3664 καὶ
336 3612 429 3685 μικροῦ
448 3609 499 3665 δεῖν
518 3605 640 3686 ἐξώρυξεν
661 3605 763 3672 αὐτούς·
778 3605 836 3664 οὐδὲ
858 3604 908 3685 γὰρ
928 3610 988 3666 ἐπε·
1035 3620 1180 3681 percutiens,
1196 3619 1221 3667 in
1231 3619 1315 3668 oeulos
1327 3619 1386 3668 mitri
1397 3618 1523 3680 innotavit,
1533 3633 1562 3669 ac
1574 3621 1750 3682 propemodum
1763 3624 1825 3675 erc·

202 3693 306 3774 Ιγείρουν
316 3695 425 3751 κωλύειν
438 3694 503 3771 ἐγὼ,
519 3703 645 3773 παρεῖχον
660 3692 686 3751 δὲ
698 3692 727 3751 τὸ
742 3693 882 3769 πρόσωπον
895 3697 929 3761 εἷς
940 3698 987 3767 τὴν
1035 3708 1079 3758 dit.
1113 3712 1162 3759 dieo
1171 3708 1236 3758 enim
1249 3708 1825 3772 resisterehcminiaudebam,quinimoiacian

202 3781 288 3858 θύριν.
331 3781 367 3841 Ὁ
382 3784 409 3839 δὲ
432 3782 553 3848 Κλεινίας
574 3781 723 3863 προσελθὼν
746 3772 815 3861 εἶργε
831 3789 988 3863 παρηγορῶν
1035 3795 1129 3858 injuriae
1145 3795 1290 3859 praebebam.
1322 3795 1368 3845 Sed
1383 3795 1435 3856 eius
1449 3795 1564 3858 impetum
1584 3799 1825 3858 progressusinne·

163 3898 190 3936 ω
203 3869 280 3927 αὐτὸν
298 3869 353 3946 ἅμα
369 3870 413 3927 καί
427 3870 523 3948 λέγων·
536 3870 572 3931 Τί
593 3871 689 3945 ποιεῖς,
709 3870 846 3951 ἀνθρωπε;
862 3872 887 3929 τί
902 3873 987 3948 μάτην
1035 3885 1101 3934 dium
1114 3885 1191 3936 Clinia
1201 3885 1351 3947 compressit,
1361 3885 1478 3946 iliumque
1491 3884 1644 3947 redarguens,
1655 3887 1824 3954 quid,inquit,

203 3957 359 4037 ίξηγρίυισαι
380 3960 440 4016 κατ’
461 3961 570 4038 ἀνδρὸς,
596 3957 623 4025 ὃς
643 3961 743 4034 μᾶλλον
769 3964 815 4017 σοῦ
832 3963 987 4031 Λευκίππην
1035 3975 1102 4036 agis?
1117 3973 1773 4040 curtamtemereineumsaevis,quirnajorc,quam
1784 3982 1823 4042 tn,

202 4048 286 4126 φιλεῖς
302 4047 425 4105 Θάνατον
438 4052 499 4125 γοῦν
510 4048 610 4119 ύπέστη
622 4049 722 4119 παθεῖν,
737 4047 777 4104 ότι
789 4049 908 4106 τεθνάναι
923 4050 988 4108 ταύ-
1034 4076 1116 4112 amore
1131 4063 1266 4124 Leucippen
1277 4062 1446 4124 prosequitur?
1460 4064 1501 4124 qui
1513 4062 1579 4111 letiro
1590 4067 1676 4126 sponte
1688 4079 1714 4116 sc
1723 4066 1824 4131 obierit,

202 4159 249 4206 την
270 4133 369 4202 ἔδοξεν·
383 4135 452 4192 ἀλλα
463 4160 491 4193 τε
505 4135 591 4214 πολλὰ
609 4136 681 4214 ἔλεγε
695 4137 927 4216 παραμυθούμενος
939 4140 987 4196 αὐ·
1034 4154 1160 4212 propterea
1176 4151 1242 4212 quod
1262 4163 1315 4199 eam
1331 4150 1395 4198 diem
1409 4149 1495 4199 obiisse
1511 4150 1664 4202 crediderat?
1681 4157 1761 4218 Atque
1776 4158 1825 4209 alia

204 4222 258 4281 τόν.
303 4221 337 4282 Ὁ
351 4223 373 4280 δ’
390 4221 503 4301 ὠδύρετο
518 4226 605 4281 καλῶν
620 4224 667 4292 τὴν
687 4223 823 4304 Ἄρτεμιν·
838 4225 901 4284 Ἐπὶ
912 4229 989 4286 τοῦτό
1035 4242 1150 4301 praeterea
1161 4239 1247 4299 muita,
1261 4252 1310 4300 quo
1323 4239 1428 4287 iurorem
1443 4238 1506 4287 iilius
1517 4240 1632 4300 piscaret,
1642 4241 1744 4294 addidit.
1779 4244 1824 4297 iiia

163 4343 190 4381 ης
204 4336 252 4390 με,
268 4310 406 4383 δέσποινα,
419 4311 516 4388 ἤγαγες
531 4314 657 4384 ἐνταῦθας
670 4312 788 4372 Τοιαῧτά
803 4336 848 4371 σου
865 4319 915 4371 τῶν
931 4317 987 4372 ἐνυ·
1012 4350 1014 4415 γ
1034 4330 1115 4376 autem
1130 4326 1232 4375 Dianam
1252 4326 1380 4375 identidem
1402 4327 1524 4387 invocans,
1539 4328 1573 4376 ita
1588 4330 1637 4378 tere
1653 4333 1825 4396 conquereba-

203 4399 284 4457 πνίων
298 4399 332 4456 τά
356 4398 543 4474 μαντεύματα;
558 4399 641 4476 Κάγὼ
659 4398 706 4475 μὲν
720 4401 854 4459 ἐπίστευόν
874 4425 919 4460 σου
936 4406 988 4470 τοῖς
1012 4433 1014 4491 3
1034 4417 1094 4464 tur:
1116 4420 1152 4463 an
1166 4418 1192 4463 tu
1216 4415 1261 4462 trac
1275 4414 1305 4463 de
1325 4428 1397 4463 causa
1412 4428 1450 4463 me
1465 4415 1520 4474 truc,
1536 4416 1594 4477 dea,
1612 4419 1693 4468 venire
1710 4422 1827 4474 sciuisti?

204 4489 309 4567 ὀνείροις
325 4487 370 4546 καί
390 4487 507 4567 εὑρήσειν
522 4488 595 4566 παρά
610 4488 650 4545 σοί
665 4489 830 4566 προσεδόκων
845 4489 892 4560 τὴν
912 4496 988 4569 θυγα-
1012 4522 1014 4551 ι
1034 4507 1122 4553 suntne
1143 4502 1196 4551 haec
1217 4503 1276 4551 mitri
1290 4516 1304 4550 a
1325 4506 1350 4552 te
1371 4504 1395 4551 in
1414 4505 1503 4552 somnis
1518 4506 1649 4566 praedicte?
1662 4511 1711 4571 Ego
1722 4512 1826 4574 quidem

203 4577 276 4655 τέρα.
322 4575 409 4636 Καλὸν
425 4577 506 4653 δόμοι
520 4578 601 4655 δῶρον
615 4569 827 4656 δέδωκας·εύρον
841 4578 987 4660 τὸνάνδρο·
1035 4596 1100 4640 certe
1111 4590 1209 4640 somniis
1219 4592 1290 4639 tidem
1301 4590 1349 4639 tuis
1360 4591 1444 4651 habui,
1458 4592 1579 4654 filiamque
1592 4596 1827 4662 meapudtereper·

204 4663 279 4739 μόνον
296 4667 376 4735 αὐτῆς
388 4666 461 4744 παρά
475 4664 526 4726 σοί.
572 4664 626 4724 Καὶ
647 4670 661 4723 δ
675 4667 796 4732 Κλεινίας
818 4666 931 4734 ἀκούσας
942 4676 987 4726 τοῦ
1036 4683 1116 4728 turum
1132 4679 1241 4729 credidi:
1260 4693 1289 4728 ao
1300 4693 1357 4729 sane
1378 4681 1540 4742 peregregiam
1555 4695 1643 4732 munus
1654 4687 1753 4749 accepi,
1773 4688 1829 4751 eins

165 4754 249 4818 ιοτῆς
270 4751 419 4829 Ἀρτέμιδος
445 4752 564 4812 ἐνυπνίου
589 4752 735 4833 περιχαρὴς
754 4753 854 4828 ἐγένετο
874 4754 919 4812 καί
943 4757 986 4813 λε’-
1011 4708 1125 4833 [scilicet
1140 4767 1327 4816 interfectorem.
1362 4770 1422 4816 Tum
1436 4766 1630 4827 ctinia,sonrnii
1644 4774 1770 4827 mentione
1783 4790 1829 4827 au·

203 4857 258 4910 γει·
283 4836 399 4917 Θάρρει,
414 4842 515 4920 πάτερ,
530 4839 681 4919 η’Λρτεμις
695 4842 723 4897 ῡῦ
748 4840 885 4920 ψεύδεται·
900 4846 930 4921 ζῇ
948 4868 986 4903 σοι
1012 4838 1014 4911 ί
1034 4856 1093 4915 dita,
1107 4856 1195 4904 mirum
1210 4855 1235 4903 in
1249 4854 1349 4903 modum
1359 4855 1463 4917 gavisus,
1478 4854 1555 4917 bono,
1571 4858 1658 4920 inquit,
1674 4862 1767 4925 animo,
1780 4880 1825 4929 pa·

204 4922 357 4993 Λευκίππη·
381 4926 518 4988 πίοτευσύν
546 4953 596 5005 μου
615 4933 667 4997 τοῖς
693 4929 883 5006 μαντεύμασιν.
927 4935 988 5012 Οὐχ
1033 4948 1079 5003 ter,
1102 4946 1162 5003 esto,
1187 4944 1291 4992 mendax
1315 4944 1421 4992 deanon
1443 4943 1496 4991 erit.
1532 4946 1603 4996 satra
1618 4949 1701 5010 utique
1721 4952 1769 5003 tibi
1788 4958 1828 5007 est

204 5012 265 5089 δρᾷς
279 5010 323 5067 καὶ
337 5017 425 5071 τοῦτον
440 5020 474 5082 ώς
490 5020 518 5075 ἐκ
534 5019 655 5096 βασάνων
672 5023 717 5076 νῦν
729 5018 892 5098 κρεμάμενον
907 5019 987 5100 ἐξήρ-
1011 5046 1013 5127 γ
1035 5034 1042 5092 (
1058 5033 1176 5082 ratieiniis
1195 5033 1253 5082 meis
1264 5032 1354 5093 crede)
1370 5030 1508 5092 Leucippe:
1531 5045 1612 5084 nonne
1625 5035 1701 5098 rides,
1716 5041 1746 5087 nt
1759 5039 1828 5091 irunc

138 5144 145 5198 ρ
203 5121 302 5170 timii
1035 5123 1131 5172 etinme
1145 5126 1264 5172 tortorum
1275 5122 1385 5171 manibus
1399 5122 1528 5185 eripuerit?
