3726 5692
786 349 896 408 tinen
920 353 941 409 l.
1615 359 1668 407 159

48 484 136 559 μολις,
149 480 243 559 ὥσπερ
258 478 346 558 λαγὼς
359 481 451 539 ἐκτῶν
465 482 544 559 ἰχνῶν
564 481 733 560 εθρίσκοντες,
747 483 781 546 είς
793 479 839 546 τὰς
884 490 935 537 sola
946 488 1064 551 profunde
1075 488 1277 547 dormitaverunt,
1297 491 1371 549 atque
1389 487 1453 535 illam
1476 486 1669 548 defatigationem

47 570 305 648 traluceatqoqu.
350 568 468 639 Ἐκείνης
491 569 570 643 μόνης
591 574 636 640 τῆς
657 569 746 635 νυκτὸς
767 573 838 627 ἑκοι-
884 590 927 637 pro
936 590 988 632 suae
1004 591 1034 626 ex
1053 590 1135 625 amore
1147 579 1270 639 conceptae
1283 576 1436 636 agritudinis
1458 575 1563 623 remedio
1579 574 1669 623 babue-

48 662 175 737 μήθησαν
199 658 281 736 βαθθν
302 657 380 715 δπνον
401 657 446 714 καί
465 662 509 727 τής
524 659 648 736 ἐρωτικῆς
661 658 746 729 λύπης
765 656 839 737 pcip-
885 667 950 712 runt·
983 664 1167 726 Quamprimum
1178 666 1259 711 autem
1270 661 1321 711 dies
1335 663 1414 721 rediit,
1427 662 1529 711 similem
1549 677 1633 711 rursus
1646 663 1668 710 in

49 770 138 825 μακυν
157 746 343 823 τδνκάματον
365 746 455 824 ἔσχον.
498 736 578 811 Αὖθις
596 748 619 803 δ’
638 746 739 825 ἡμέρας
761 746 839 802 ἔπελ-
885 751 1093 802 modumseaillcl
1107 750 1248 801 sentiebant.
1284 753 1342 801 Laeti
1353 754 1432 812 erant,
1448 752 1504 800 sise
1520 752 1624 800 invicem
1636 752 1671 801 ν1-

21 836 158 909 ιθούσης,
171 835 252 893 πάλιν
268 835 386 913 ἔπασχον
400 833 585 912 παραπλήσια.
626 833 754 913 Ἔχαιρον
770 833 837 890 ἰδόν-
885 841 988 891 debant:
1007 841 1026 889 sl
1043 842 1217 903 separabantur
1232 838 1357 899 dolebant,
1379 839 1470 901 aliquid
1484 840 1588 902 amplius
1602 841 1669 889 role-

50 948 114 997 τες,
138 923 309 1001 [ἐλυποῦντο]
329 922 523 998 ἀπαλλαγέντες
543 922 662 999 ήλγουν,
687 922 774 981 ἔθελόν
793 945 836 996 τι,
885 928 952 989 bant,
968 927 1084 991 quidnam
1093 929 1272 977 tamenrellent
1283 928 1430 977 nesciebant.
1463 928 1613 978 llludsolum
1628 943 1670 976 no-

53 1013 168 1089 ήγνόουν
180 1010 350 1070 ότιθέλουσι.
393 1012 478 1069 Τοῦτο
489 1010 567 1085 μόνον
578 1010 676 1089 ᾔδεσαν
686 1008 726 1067 ὅτι
736 1012 779 1068 τὸν
792 1008 839 1087 μὲν
886 1019 948 1078 rant,
962 1017 1028 1079 quod
1048 1017 1113 1065 lrunc
1131 1016 1228 1078 quidem
1244 1018 1364 1076 osculum,
1384 1017 1451 1066 illam
1472 1030 1528 1065 vero
1548 1017 1670 1065 lavacrum

53 1103 169 1182 φίλημα,
184 1097 232 1169 τήν
247 1099 274 1156 δὲ
289 1097 396 1177 λουτρὸν
412 1098 557 1159 ἀπώλεσεν.
884 1104 1032 1168 perdidisset.

95 1188 165 1249 ΚΓ.
177 1184 290 1253 Ἐξέκαε
300 1186 323 1244 δ’
335 1183 428 1249 αὐτούς
439 1185 484 1242 καὶ
494 1189 510 1254 ἡ
521 1183 576 1265 ὥρα
587 1191 631 1244 τοῦ
642 1183 725 1252 ἔτους·
736 1177 798 1266 ἦρος
807 1176 839 1258 ἦν
915 1196 1006 1244 xxiii.
1024 1197 1124 1257 insuper
1135 1194 1209 1244 etiam
1225 1194 1288 1254 ipsos
1299 1193 1356 1242 anni
1374 1193 1435 1243 illud
1445 1197 1541 1256 tempus
1560 1195 1670 1243 incende-

12 1302 39 1341 ta
51 1277 103 1349 ήδη
117 1275 191 1340 τέλος
203 1275 249 1333 καὶ
261 1272 350 1351 θέρους
363 1276 445 1355 ἀργὴ,
456 1274 501 1331 καὶ
513 1275 599 1332 πάντα
613 1276 638 1332 έν
648 1277 735 1354 ἀκμῇ·
747 1275 839 1354 δένδρα
861 1302 864 1313 ·
886 1282 933 1332 bat.
968 1286 1016 1333 Ver
1026 1282 1076 1343 iam
1086 1281 1209 1331 desinebat
1225 1285 1249 1331 et
1262 1285 1333 1331 natas
1342 1282 1476 1343 oriebatur,
1486 1284 1615 1344 omniaque
1633 1285 1671 1332 vi·

51 1366 78 1422 ἐν
99 1372 230 1443 καρποῖς·
248 1362 326 1420 πεδία
348 1365 374 1420 ἐν
394 1362 486 1433 ληίοις.
537 1361 630 1421 Ἡδεῖα
652 1362 698 1437 μὲν
718 1364 839 1442 τεττίγων
888 1372 984 1432 gabant,
1003 1372 1102 1422 arbores
1121 1371 1247 1432 tractibus,
1270 1372 1347 1433 campi
1361 1372 1481 1434 segetibus
1494 1372 1551 1421 laeti.
1585 1374 1672 1421 sinaris

50 1452 126 1531 ἠχή,
148 1453 260 1529 γλυκεῖα
280 1451 302 1507 δ’
323 1449 427 1530 ὀπώρας
445 1449 530 1526 ὀδμή,
550 1451 647 1531 τερπνὴ
668 1450 695 1509 δέ
713 1452 840 1528 ποιμνίων
885 1460 1023 1509 cicadarum
1039 1460 1161 1522 strepitus,
1178 1462 1245 1523 grata
1255 1473 1382 1521 pomorum
1397 1460 1535 1522 iragrantia,
1548 1460 1672 1520 jucundus
1772 1519 1774 1523 ‚

53 1541 153 1619 βληχή.
191 1541 304 1598 Εῐκασεν
318 1538 348 1596 άν
359 1563 397 1604 τις
407 1538 451 1597 καὶ
459 1538 521 1604 ’τοθς
531 1538 664 1614 ποταμούς
674 1539 743 1621 ᾅδειν
754 1540 841 1620 ἠρέμα
886 1550 1077 1612 quoqueorlum
1091 1549 1194 1598 balatus.
1229 1552 1341 1598 Putasses
1350 1548 1449 1598 flumina
1465 1548 1553 1598 sensim
1567 1548 1672 1597 labentia

54 1628 183 1709 ῥέοντας,
214 1630 261 1686 καὶ
287 1626 344 1693 τοὺς
369 1626 478 1702 ἀνέμους
504 1626 631 1704 συρίττειν
656 1637 713 1695 ταῖς
738 1629 841 1687 πίτυσιν
887 1637 1006 1687 modulari
1025 1640 1125 1686 cantum
1140 1640 1166 1687 et
1184 1642 1277 1697 ventos,
1297 1637 1338 1700 qui
1361 1637 1432 1698 pinus
1446 1636 1574 1696 indebant,
1594 1637 1672 1685 tistnla

21 1745 44 1785 ις
55 1715 234 1795 ἐμπνέοντας,
252 1716 297 1774 καὶ
315 1715 348 1773 τδι
363 1718 550 1795 μῆλαέρῶντα
565 1716 670 1774 πίπτειν
683 1717 783 1795 χαμαί,
796 1717 841 1776 καὶ
889 1739 984 1787 canere,
999 1739 1072 1789 poma
1088 1738 1171 1774 amore
1191 1728 1262 1787 capta
1280 1724 1350 1772 humi
1363 1724 1516 1785 decumbere,
1539 1725 1673 1787 solemque,

58 1808 98 1865 τὀν
115 1806 192 1879 ἥλιον
210 1804 353 1888 φιλόκαλον
367 1804 440 1880 ὄντα,
458 1804 558 1870 πάντας
570 1803 702 1866 ἀποδύειν.
747 1804 780 1865 ‘0
794 1805 841 1881 μίν
886 1815 1018 1863 venustatis
1029 1816 1054 1864 et
1065 1814 1149 1863 tormen
1157 1816 1300 1873 amatorem,
1309 1826 1393 1862 omnes
1403 1813 1508 1862 restibus
1517 1815 1565 1861 suis
1575 1827 1672 1863 exuere.

60 1886 99 1953 ούν
115 1894 217 1976 Δάρνις
235 1893 399 1970 θαλπόμενος
417 1890 514 1959 τούτοις
534 1891 649 1970 άπασιν,
669 1895 705 1959 εἰς
720 1892 779 1961 τοὺς
792 1916 842 1951 πο·
888 1903 996 1964 Daphnis
1018 1903 1092 1964 igitur
1110 1903 1175 1951 lrisce
1194 1901 1306 1951 omnibus
1325 1902 1444 1961 incensus,
1466 1900 1606 1950 dominibus
1623 1916 1675 1952 sese

64 1979 154 2058 ταμὼς
173 1980 306 2040 ἐνέθαινε·
325 1980 370 2039 καὶ
388 1977 451 2038 ποτὲ
473 1977 520 2057 μὲν
544 1979 647 2039 ἐλούετο
665 1981 728 2040 ποτὲ
751 1984 777 2040 δὲ
797 1982 842 2040 καὶ
864 2032 866 2041 .
888 1991 1058 2055 immergebat;
1078 1993 1104 2041 et
1115 1991 1261 2053 quandoque
1275 2004 1302 2039 se
1319 1990 1441 2048 abluebat,
1460 1989 1604 2052 quandoque
1617 2004 1674 2040 vero

67 2072 110 2128 τῶν
126 2069 224 2150 ἰχθύων
244 2070 303 2135 τοθς
317 2069 491 2135 ἐνθινεύοντας
505 2068 602 2146 ἐθήρα·
617 2068 743 2135 πολλάκις
759 2069 843 2127 δὲκαὶ
889 2081 964 2142 pisces
977 2080 1127 2130 lascivientes
1141 2082 1167 2129 et
1180 2080 1301 2141 ingyrum
1315 2079 1462 2128 exsultantes
1475 2080 1598 2141 captabat;
1612 2093 1675 2141 saepe

45 2159 164 2229 υέτινεν,
185 2157 264 2224 ὡςτδ
283 2156 383 2215 ἔνδοθεν
402 2163 492 2232 καῦμα
511 2156 624 2218 σόέσων.
673 2156 706 2217 Ἡ
727 2158 753 2217 δὲ
770 2158 842 2228 Χλόη
888 2169 960 2217 etiam
977 2167 1083 2229 bibebat,
1104 2169 1178 2217 veluti
1198 2169 1233 2216 sio
1250 2168 1370 2216 internum
1397 2171 1483 2216 aestum
1507 2169 1672 2219 restincturos.

75 2244 128 2322 μτά
138 2246 168 2304 τὸ
180 2243 292 2322 ἀμελξοιι
304 2242 350 2311 τάς
361 2235 398 2310 οἷς
407 2244 454 2301 καὶ
465 2247 516 2302 τῶν
529 2247 610 2321 αἰγῶν
622 2242 669 2312 τδς
680 2245 787 2315 πολλάς,
800 2247 843 2303 ἐπὶ
865 2240 867 2269 ³
889 2258 968 2306 Clrloii
982 2265 1051 2315 vero,
1065 2259 1192 2320 proatquam
1204 2269 1263 2306 ores
1274 2257 1412 2318 multasque
1423 2269 1437 2305 e
1449 2256 1528 2318 capris
1543 2257 1671 2315 mulsisset,

76 2331 129 2392 ott
146 2333 193 2410 μέν
207 2334 286 2393 πόνον
305 2324 361 2412 ιῖχι
374 2338 496 2411 πηγνῦσα
511 2333 540 2390 τὸ
553 2335 639 2410 γάλα·
658 2334 739 2392 δειναί
754 2334 804 2413 γὰρ
817 2337 843 2391 at
865 2324 867 2345 ¹
890 2347 959 2407 longo
969 2345 1023 2395 dein
1032 2349 1140 2409 ternpore
1149 2346 1174 2395 111
1181 2345 1288 2409 cogendo
1301 2346 1362 2395 lacte
1374 2348 1426 2394 erat
1438 2348 1571 2406 occupata;
1585 2358 1675 2393 mrrscao

10 2418 14 2455 '¹
80 2427 138 2496 putu
149 2421 267 2492 λυπῆσαι
278 2421 324 2478 καὶ
336 2422 434 2493 δακεῖν,
447 2424 469 2479 εἰ
482 2420 630 2479 διιύκοιντο·
643 2421 705 2479 τὸδ’
717 2425 842 2493 ἐντεῦθεν,
889 2446 995 2497 namque
1005 2435 1074 2483 erant
1085 2433 1129 2495 ipsi
1141 2446 1234 2495 graves,
1248 2447 1304 2482 cum
1316 2433 1440 2495 negotium
1460 2431 1606 2493 lacessendo,
1624 2437 1676 2481 tum

82 2508 261 2585 ίτολουσαμένη
278 2509 307 2566 τὸ
320 2508 476 2583 πρόσωπον,
491 2509 582 2576 πίτυος
595 2512 767 2590 ε’στερανοῦτο
777 2510 843 2569 κλά·
889 2521 1031 2581 mordendo,
1048 2522 1068 2571 si
1088 2521 1246 2584 abigerentur.
1283 2521 1325 2572 llla
1339 2520 1434 2581 deinde,
1449 2520 1533 2569 abluta
1555 2521 1622 2579 iacie,
1644 2521 1678 2583 pi·

60 2596 121 2663 ιιθσς
135 2598 176 2657 καλ
190 2603 223 2679 τῇ
241 2598 341 2678 νεόρίδι
354 2598 479 2667 έζώννυτο
497 2599 597 2657 καὶτὸν
612 2600 709 2673 γαυλὸν
724 2600 845 2671 ἀναπλή·
866 2596 868 2655 ἓ
888 2609 939 2657 ocis
952 2622 978 2658 se
989 2610 1121 2659 coronabat
1131 2609 1213 2670 ramis,
1224 2609 1310 2671 pellem
1321 2608 1412 2657 lrinnuli
1425 2609 1549 2669 induebat,
1562 2612 1586 2658 et
1598 2609 1676 2657 ruole-

18 2680 21 2685 ¹
86 2705 136 2743 trra
151 2686 218 2744 σίνου
237 2687 282 2745 καί
301 2685 448 2763 γάλακτος,
471 2687 555 2744 κοινὸν
575 2686 642 2764 μετδι
657 2693 702 2745 τοῦ
718 2690 845 2767 Δάρνιδος
866 2662 869 2769 l
889 2698 949 2746 trale
962 2699 1018 2747 rino
1036 2702 1109 2758 atque
1124 2698 1186 2748 lacte
1199 2698 1305 2761 replens,
1326 2699 1449 2746 communi
1464 2698 1536 2747 simul
1552 2712 1607 2746 cunr
1632 2700 1676 2745 lla·

89 2770 144 2831 ιιιθν
155 2764 221 2854 εἶχε.
866 2772 869 2817 ἶ
889 2784 979 2848 plinide
990 2789 1047 2848 potu
1062 2785 1194 2835 fruebatur.

116 2862 162 2920 Kb.
183 2865 240 2933 Τῆς
258 2859 286 2919 δέ
304 2861 469 2940 μεσημίέρίας
483 2861 660 2934 ἐπελθούσης,
681 2863 778 2939 ἐγίνετο
792 2863 844 2935 ήδη
921 2876 1008 2923 1111111.
1027 2876 1156 2935 ingruente
1169 2887 1225 2923 reru
1240 2873 1347 2942 meridie,
1357 2872 1486 2922 amborum
1501 2874 1565 2922 oculi
1578 2875 1675 2923 luerunt

90 2948 265 3031 ιέκθρθαλμῶν
280 2949 377 3014 ἅλωσις
389 2949 575 3023 αθτοῖς·ήμὲν
585 2948 636 3028 γὰρ
648 2950 745 3027 γυμνὸν
757 2955 844 3028 ὁρῶσα
890 2962 962 3023 capti.
996 2962 1039 3010 llla
1058 2962 1227 3011 enlmnudnm
1240 2965 1378 3024 conspicata
1397 2963 1527 3023 Daphnim,
1542 2963 1674 3010 inomnem

68 3032 121 3092 θιθι
131 3035 234 3119 Δίρνιν,
254 3037 294 3095 ἐπ’
310 3040 403 3116 ἀθροῦν
419 3037 540 3105 ἐνέπιπτε
555 3038 584 3094 τό
598 3038 707 3109 κάλλος,
724 3039 769 3095 καὶ
785 3040 843 3110 ἐτή-
890 3052 942 3110 ejus
963 3049 1165 3111 pulchritudinem
1176 3051 1246 3099 simul
1258 3051 1386 3113 incidebat,
1402 3050 1507 3113 indeque
1521 3051 1676 3112 liquescebat,

92 3142 145 3193 uro,
163 3124 242 3202 μηδὲν
261 3127 341 3182 αὐτοῦ
359 3124 436 3205 μέρος
451 3126 604 3206 μέμψασθαι
620 3124 763 3200 δυναμένη·
783 3130 796 3184 ὁ
817 3127 844 3184 δὲ
890 3138 954 3199 quod
966 3138 1057 3186 nullam
1067 3138 1228 3200 ineopartem
1237 3140 1411 3201 reprehendere
1419 3143 1511 3202 posset;
1525 3138 1631 3200 Daplrnis
1642 3140 1676 3186 ri·

94 3206 174 3269 libb
195 3211 294 3292 νεόρίδι
317 3211 362 3269 καλ
383 3212 502 3292 στεράνιρ
527 3213 616 3280 πίτυος
638 3211 778 3292 ὀρέγουσαν
801 3214 844 3272 τὸν
891 3218 969 3266 cissinr
985 3218 1046 3278 pelle
1061 3217 1301 3280 liinnulicorollaque
1315 3221 1384 3280 pinea
1397 3224 1507 3268 ornatam
1525 3219 1633 3279 clrloin,
1654 3222 1679 3267 et

94 3296 178 3377 ῐπιλθι,
196 3301 260 3378 μίαν
277 3300 343 3379 ᾤετο
360 3303 411 3358 τῶν
424 3302 454 3357 ἐκ
466 3306 513 3358 τοῦ
530 3300 624 3380 ἄντρου
637 3304 756 3383 Νυμρῶν
768 3306 842 3382 δρᾶν,
891 3305 935 3354 sibi
949 3306 1075 3353 mulctram
1083 3307 1243 3368 porrigentem
1257 3307 1360 3367 intuens,
1374 3322 1447 3356 unam
1459 3321 1473 3357 e
1485 3308 1609 3369 Nymphis,
1623 3319 1679 3368 quae

93 3378 273 3461 Ὁμίιαθντήν
288 3389 363 3446 πίτυν
376 3388 428 3447 ἀπὸ
440 3392 610 3470 τῆςκεραλῆς
620 3390 754 3469 ἁρπάζων,
767 3392 845 3457 αὐτὸς
891 3395 915 3442 io
926 3398 1005 3455 antro,
1016 3394 1302 3446 ridereseexistimabat.
1337 3396 1551 3459 lpsereropinum
1562 3396 1680 3458 decapite

66 3469 242 3555 Ίίπῐγανοθτο,
256 3477 381 3558 πρότερον
394 3476 505 3557 φιλήσας
519 3480 562 3536 τὸν
576 3478 714 3559 στίρανον·
727 3484 744 3550 ἡ
757 3479 784 3537 δὲ
797 3480 843 3550 τὴν
892 3483 981 3534 ctrlods
995 3482 1128 3533 detractam
1139 3484 1184 3533 sibl
1197 3484 1350 3547 imponebat,
1367 3484 1455 3534 osculis
1469 3487 1550 3533 tamen
1564 3484 1630 3546 prins
1642 3498 1680 3532 co

91 3560 163 3633 θθῑιια
182 3568 259 3625 abacti
280 3564 423 3641 λουομένου
443 3566 488 3622 καὶ
509 3570 685 3644 γυμνωθέντος
707 3568 844 3643 ἐνεδύετο,
892 3571 959 3620 rollac
981 3572 1101 3635 impressls
1120 3586 1127 3619 ι
1147 3573 1224 3621 Chloe
1242 3575 1325 3622 contra
1343 3577 1434 3622 vestem
1455 3572 1517 3622 illius
1535 3573 1638 3621 lavantis
1656 3576 1680 3622 et

90 3648 187 3733 ῐρθιιρον
199 3654 245 3713 καί
258 3653 325 3725 αὐτή
343 3654 488 3734 φιλήσασα.
530 3652 678 3727 ῚΙθηποτὲ
693 3657 738 3714 καὶ
754 3658 845 3732 μήλοις
892 3660 1026 3719 denudati,
1048 3661 1114 3723 prius
1131 3662 1255 3720 osculata,
1275 3661 1398 3710 induebat.
1431 3664 1486 3710 tarn
1507 3661 1637 3724 aliquando
1656 3665 1679 3710 et

86 3738 192 3811 ἀλλιβαις
202 3742 297 3802 ideireo
310 3742 355 3802 καί
364 3744 410 3809 τδις
421 3742 537 3824 κεραλδις
550 3744 671 3814 ἀλλήλων
684 3745 845 3821 ἐκόσμησαν,
892 3750 963 3797 malis
978 3762 1029 3797 sese
1041 3749 1155 3811 petebant
1165 3753 1239 3811 atque
1252 3749 1444 3799 discriminantes
1458 3763 1562 3810 comam,
1576 3750 1680 3799 inuicem

85 3824 233 3909 δωρίνοντις
251 3829 298 3898 τὰς
314 3832 412 3907 κόμας,
430 3833 475 3890 καὶ
492 3837 509 3903 ἡ
525 3832 572 3909 μὲν
587 3833 689 3891 εἴκασεν
705 3836 783 3891 αὐτοῦ
798 3833 845 3903 τὴν
892 3838 971 3898 capita
992 3836 1142 3886 adornabant
1162 3838 1226 3897 sibi,
1248 3840 1273 3887 et
1293 3839 1369 3887 clrlod
1387 3840 1508 3888 cesariem
1527 3838 1680 3902 Daphnidis,

49 3912 162 3991 εοκόμην,
172 3919 210 3978 δτι
223 3920 350 3995 μέλαινα,
367 3920 485 4001 μύρτοις·
501 3925 515 3979 δ
530 3920 557 3978 δὲ
570 3920 648 3998 μήλῳ
658 3919 688 3979 rb
702 3920 845 4000 πρόσοικον
893 3927 977 3987 utpote
993 3926 1159 3986 nigricantem,
1176 3926 1275 3988 myrteis
1289 3926 1383 3986 baccis;
1403 3927 1509 3990 Daplrnis
1524 3940 1580 3977 vero
1596 3928 1681 3977 taciem

80 4003 306 4077 aestelstani
318 4008 364 4066 καί
376 4006 503 4089 ἐνερευθὲς
515 4034 555 4081 ην
597 4009 753 4069 Ἐδίδασκεν
765 4010 846 4080 αὐτὴν
892 4013 996 4074 Clrlods,
1015 4013 1079 4076 quod
1098 4014 1200 4064 candida
1213 4017 1237 4065 et
1248 4014 1430 4064 subrubicunda
1444 4019 1522 4075 esset,
1540 4017 1605 4065 malo
1623 4017 1681 4065 asal-

76 4090 121 4149 καί
134 4096 274 4173 συρίττειν,
293 4096 338 4155 καί
357 4096 503 4175 ἀρξαμένης
519 4101 641 4173 ἐμπνεῖν,
659 4098 783 4176 ἁρπάζων
799 4097 847 4168 τήν
893 4102 1000 4151 milabat.
1047 4102 1155 4151 Dorebat
1175 4116 1228 4151 eam
1248 4108 1273 4153 et
1291 4104 1372 4154 llslula
1390 4117 1493 4165 canere,
1515 4105 1634 4166 simulque
1654 4117 1682 4153 ea

74 4178 194 4259 σύριγγα,
213 4191 267 4249 τοῖς
283 4184 398 4262 χείλεσιν
413 4186 490 4250 αὐτὸς
503 4185 561 4250 τοὺς
573 4184 707 4261 καλάμους
722 4186 847 4265 ἐπέτρεχε
893 4192 1008 4253 inspirare
1025 4193 1148 4253 coeperat,
1164 4192 1269 4241 tistularn
1284 4193 1395 4255 eripiens,
1411 4193 1502 4243 labellis
1517 4193 1565 4256 ipse
1576 4195 1682 4244 calamos

71 4270 118 4327 καί
129 4271 206 4330 ἐθάκει
224 4272 272 4349 μέν
291 4273 422 4331 διδάσκειν
438 4274 653 4353 ἁμαρτάνουσαν,
669 4275 805 4353 εὐπρεπῶς
820 4273 847 4332 δέ
894 4279 1050 4341 percurrebat
1066 4294 1072 4327 :
1086 4283 1110 4330 et
1124 4279 1183 4329 dnm
1199 4279 1324 4329 videbatur
1338 4285 1458 4330 errantem
1474 4283 1616 4341 informare,
1631 4295 1683 4344 spe·

34 4384 58 4425 ει
70 4356 115 4417 διὰ
125 4362 170 4431 τῆς
183 4359 302 4439 σύριγγος
315 4361 406 4432 Χλόην
421 4364 566 4443 κατεφίλει.
894 4369 960 4417 closo
972 4368 1103 4416 admodum
1116 4371 1235 4430 praetextu
1247 4381 1290 4430 per
1302 4365 1406 4418 fistulam
1417 4371 1509 4419 clrlodn
1518 4370 1681 4421 osculabatur.

113 4447 176 4509 lOE'.
192 4449 363 4528 Συρίττοντος
375 4450 397 4507 δ’
412 4453 492 4509 αὐτοῦ
506 4452 535 4509 τὸ
551 4450 729 4531 μεσημὸρινθν
742 4450 787 4509 καί
798 4453 848 4511 τῶν
925 4459 1000 4505 XXV.
1013 4456 1118 4517 Contigit
1127 4470 1194 4516 vero,
1207 4471 1263 4505 cum
1274 4470 1316 4519 per
1325 4458 1448 4507 meridiem
1459 4459 1536 4507 tistula
1548 4457 1649 4519 luderet,
1660 4462 1684 4507 et

66 4534 193 4611 ποιμνίων
204 4536 394 4612 σκιαζομένων,
405 4535 495 4597 ἔλαθεν
506 4543 522 4608 ἡ
534 4539 609 4611 Χλόη
618 4539 847 4607 κατανυστάξασα,
896 4549 981 4597 pecora
999 4549 1074 4597 opiam
1088 4538 1226 4597 tegerentur
1242 4535 1344 4596 umbra,
1364 4536 1455 4586 clrlotn
1471 4535 1646 4597 imprrulentem
1659 4536 1682 4582 in

65 4623 201 4703 φωράσας
212 4627 284 4684 ,ὥτ’
296 4630 310 4682 g
322 4627 419 4706 ΔΨ,
430 4627 474 4684 καὶ
485 4628 659 4704 ,αωρρμῃος
669 4625 717 4697 τὴ,
728 4627 849 4705 &mm
894 4628 1007 4663 somnum
1018 4616 1134 4677 dilapsam
1149 4629 1209 4664 esse.
1243 4620 1297 4673 Quo
1309 4616 1484 4674 animadverso,
1499 4615 1604 4676 Daplnris
1616 4616 1684 4663 listu-

63 4720 156 4771 fflw
167 4712 247 4784 αὐτὴν
258 4712 367 4772 mm
379 4714 529 4786 ἀπλήστως,
542 4706 584 4773 ,γα
596 4714 676 4792 μηδγ,
690 4714 848 4792 ἡγούμενος,
895 4692 944 4740 lam
965 4692 1090 4754 deposuit,
1110 4696 1236 4755 totamque
1253 4695 1327 4756 ipsam
1348 4693 1524 4755 inexplebiliter
1539 4694 1684 4754 corrtenrpla·

25 4798 113 4861 md
125 4799 182 4877 ἅμα
195 4800 410 4882 [κρύφα,,,ρέμα
420 4794 671 4882 ,πεφῡέγγετοιοῖον
681 4803 848 4863 καθεύδουσιν
896 4774 936 4859 lus
954 4774 1005 4830 eat,
1025 4771 1115 4832 qnippe
1131 4772 1245 4832 ηυ11111111
1265 4774 1318 4820 tum
1336 4774 1500 4832 revereretur,
1519 4771 1640 4833 simulque
1653 4770 1683 4819 ad

62 4888 208 4970 ὄθωίέίθ
227 4879 281 4947 οἷον
304 4890 330 4947 δ’
347 4893 460 4948 ἀποπνεῖ
477 4891 506 4948 τὸ
526 4891 626 4967 στόμ’
646 4893 704 4951 οὐδὲ
722 4892 755 4951 τὰ
776 4896 848 4969 μῆλα
896 4862 974 4984 gaza:
993 4849 1438 4990 θθῃλέέίιεέέίδέθίίίίυέιίλριθοί1εοέιθιιέ
1448 4850 1684 4976 ιέίθᾞιιιίιλιίοοεθόέό

62 4980 197 5049 τοθίῦτθνν
217 4976 270 5036 Οὐδ’
290 4980 317 5035 αἱ
330 4977 441 5056 λόλμαῑ·
462 4978 530 5037 ἀλλὰ
546 4983 654 5062 Ῠῑθῆσθῑ
669 4980 716 5056 μὲν
731 4980 849 5039 δέδωκα·
895 5004 1001 5054 arbusta.
1034 5004 1080 5053 Sed
1098 5005 1209 5053 osculnm
1228 5004 1300 5066 ligere
1313 5019 1411 5067 vereor,
1431 5019 1472 5055 eor
1486 5006 1575 5068 quippe
1591 4963 1685 5053 mordet

62 5065 157 5125 δάκνει
169 5064 200 5125 τὸ
211 5066 316 5147 ρέλημα
328 5066 375 5138 τήν
388 5067 508 5145 καρδίαν,
523 5068 667 5148 καίίίισπερ
679 5069 709 5126 τ“ο
719 5068 775 5127 νέον
791 5069 849 5144 μέλι
871 5066 875 5133 ί
895 5086 1006 5135 suavium
1025 5089 1049 5134 et
1068 5085 1131 5133 lrand
1146 5098 1215 5135 secus
1228 5089 1302 5148 atque
1319 5099 1411 5137 norum
1426 5088 1473 5137 rnel
1488 5087 1590 5136 insanire
1604 5086 1661 5134 lacit
1677 5099 1683 5132 ι

61 5154 206 5231 μαίνεσθαι
221 5162 303 5213 ποιεῖ·
318 5157 387 5213 ὀκνῶ
403 5158 429 5214 δὲ
449 5160 493 5214 καὶ
509 5157 546 5232 μή
561 5158 673 5236 φιλήσας
687 5157 767 5227 αὐτὴν
785 5161 849 5237 alpo-
871 5146 875 5203 ί
897 5170 1012 5226 praeterea
1023 5165 1106 5225 timeo,
1119 5164 1138 5213 si
1149 5164 1260 5213 osculum
1272 5166 1293 5214 ei
1308 5164 1425 5226 dederim,
1439 5178 1469 5214 ne
1480 5164 1599 5214 somnium
1612 5176 1684 5212 esen·
