3726 5692
168 328 222 376 stt

165 444 290 523 Θεαγένει
316 444 442 520 λαμπρῶς
460 439 650 516 ἐξωπλισμένον
671 442 717 501 καί
737 442 795 510 τοὺς
815 443 867 517 ἤδη
888 445 951 523 παρ’

706 313 916 373 flutlouont
940 314 1244 374 AETHlOPlCORUM

973 483 978 525 γ
999 467 1046 503 una
1062 467 1119 503 cum
1128 454 1254 516 Tbcsgene
1269 452 1360 515 egregie
1372 454 1493 501 armstum
1503 454 1527 501 et
1538 466 1579 502 eos
1587 453 1628 515 συί
1640 453 1706 502 circa
1717 455 1792 504 illurn

167 531 242 590 αὐτὸν
264 529 474 606 συνειλεγμένους
495 527 556 608 πρὸς
577 532 607 586 τὸ
630 529 806 610 μανικώτερον
821 535 859 611 τῷ
880 534 950 612 λόγῳ
974 530 978 635 Ι
998 549 1132 611 congregati
1143 545 1418 610 tuerantpropemodum
1428 545 1459 594 ad
1467 546 1557 596 rabiem
1566 547 1676 597 oratione
1686 546 1793 598 incitan-

166 620 406 699 παρασκευάζοντα·
451 617 520 683 Σῖθς
537 617 589 698 iffi?
613 619 648 684 ⁸3<
669 618 765 695 μέσθυί
789 619 877 697 έθῑῖῑι
898 626 950 682 Συ·
974 658 977 671 ·
1003 652 1063 698 tem.
1096 651 1166 698 Stans
1177 647 1241 697 enim
1259 648 1283 696 in
1299 647 1378 696 medlo
1390 646 1485 696 dicebat
1500 667 1506 697 z
1524 647 1723 708 commilitones,
1741 664 1793 700 non

166 711 337 788 στρατιῶται,
351 705 506 786 προτρέπειν
518 703 565 781 μὲν
578 709 661 783 ὑμᾶς,
678 709 725 764 οὐκ
738 698 785 765 οἶδ’
799 708 838 765 ότι
857 711 896 767 δεῖ
908 710 949 768 tul

139 820 152 856 s
166 796 303 867 πλειόνων,
321 793 413 860 αὐτούς
423 796 445 851 θ’
461 796 632 871 ὑπομνήσεως
647 794 720 853 οὐδὲν
734 796 869 873 δεομένους
881 800 949 857 elil

167 886 222 964 βίον
235 884 275 943 ἀεὶ
289 883 331 941 τὸν
344 883 460 958 πόλεμον
471 882 628 959 ἡγουμένους
637 883 683 942 καὶ
695 883 779 950 άλλως
790 889 836 957 τῆς
850 888 949 965 ἀπροσ-

164 971 273 1043 δοκήτου
289 975 340 1030 τῶν
356 970 479 1028 ἐναντίων
494 970 584 1049 ἐφόδου
598 971 628 1030 τὸ
643 970 772 1050 παρέλκον
794 976 847 1031 τῶν
862 973 948 1050 λόγων

165 1060 386 1136 ὑποτεμνομένης.
429 1048 483 1117 Ὧν
495 1058 546 1138 γάρ
561 1061 587 1117 ἐν
600 1059 683 1140 ἔργοις
697 1063 720 1119 οί
735 1060 871 1137 πολέμιοι,
889 1063 949 1120 τού·

162 1173 222 1215 τους
237 1148 273 1226 μὴ
288 1148 331 1206 δεδι
343 1152 394 1205 τῶν
405 1146 502 1223 ὁμοίων
514 1146 561 1205 σὺν
572 1147 648 1226 τάχει
661 1146 708 1218 τὴν
721 1147 823 1222 ἄμυναν
833 1149 949 1226 ἐπάγειν,

124 1254 149 1294 to
163 1235 331 1298 παντάπασίν
346 1238 402 1294 ἐστι
416 1240 460 1293 τοῦ
476 1235 651 1314 προσήκοντος
665 1234 851 1315 ὑστερούντων.
869 1237 947 1299 Είδό-

163 1351 206 1395 τες
219 1318 263 1385 οὑν
279 1329 313 1393 ὡς
328 1326 379 1404 οὑχ
392 1322 458 1402 ὑπὲρ
470 1326 601 1401 γυναικῶν
616 1324 731 1383 ἐστικαὶ
746 1324 846 1384 παίδων
859 1325 948 1403 λόγος,

163 1416 177 1474 θ
200 1416 231 1487 δὴ
250 1416 355 1479 πολλοῖς
369 1414 404 1479 είς
416 1412 445 1472 τί)
458 1410 601 1492 παροξύναι
615 1413 660 1470 καί
682 1412 758 1489 μόνον
773 1413 837 1492 πρὸς
859 1415 948 1493 μάχην

162 1504 268 1583 ἤρκεσε.
285 1508 369 1560 ταῦτα
384 1501 436 1581 γδιρ
450 1508 514 1578 ἡμῖν
527 1501 660 1569 ἐλάττονος
673 1502 751 1580 λόγου
767 1503 812 1558 καὶ
832 1508 947 1561 τοσαῦτα

163 1592 231 1673 ἔχειν
245 1589 359 1662 ἐξέσται,
377 1589 426 1649 όσα
446 1591 491 1647 καί
504 1601 578 1649 νικᾶν
592 1589 786 1671 περιγίγνεται,
810 1592 868 1650 ἀλλ’
883 1592 948 1672 ὑπὲρ

126 1697 149 1736 ια
164 1683 299 1739 αὐτοῦτοῦ
322 1668 445 1736 εἶναικαὶ
459 1681 550 1758 ψυχῶν
565 1683 616 1737 τῶν
628 1678 775 1759 ἡμετέρων
797 1682 826 1738 οὑ
841 1679 892 1759 γὰρ
905 1683 947 1738 ἐπὶ

57 1802 61 1815 ,
163 1760 249 1840 ῥητοῖς
262 1780 325 1816 ποτε
340 1758 480 1836 λῃστρικὸς
498 1757 573 1829 ἔληξε
591 1759 705 1835 πόλεμος
717 1759 769 1817 οὐδ’
784 1761 810 1816 ἐν
826 1761 947 1825 σπονδαῖς

162 1848 224 1927 ἔσχε
239 1845 286 1919 τὴν
307 1846 446 1920 τελευτὴν,
469 1847 527 1904 ἀλλ’
543 1846 559 1918 ἢ
583 1850 712 1925 περιεῖναι
732 1847 946 1926 κρατοῦντας,ἢ

162 1935 282 1994 τεθνάναι
296 1935 356 2002 τοὺς
372 1935 482 1997 ἁλόντας
494 1937 652 2014 ἀναγκαῖον,
666 1933 734 1992 οὑτω
748 1945 802 2002 τοῖς
811 1936 946 2015 ἐχθίστοις,

161 2022 248 2103 ψυχήν
267 2021 290 2080 θ’
306 2022 362 2100 ἅμα
377 2024 515 2098 καὶσῶμα
528 2024 682 2100 τεθηγμέναι
697 2023 903 2100 συμπίπτωμεν.

122 2137 150 2175 su
202 2112 246 2171 lt'.
262 2110 346 2171 Ταῦτ’
368 2109 448 2168 εἰπὼν
465 2110 509 2168 τόν
523 2109 692 2181 ὑπασπιστὴν
717 2112 886 2189 περιεσκόπει
900 2112 946 2170 καὶ

161 2199 288 2274 ὀνομαστὶ
303 2197 451 2278 Θέρμουθιν
474 2197 563 2256 ἐκάλει
577 2199 719 2266 πολλάκις·
736 2203 770 2266 ὡς
785 2200 806 2258 δ’
820 2190 851 2271 ἦν
870 2202 945 2259 οθδα·

162 2292 231 2361 μού,
246 2284 333 2343 πολλὰ
351 2284 523 2357 διαπαλαίσας
546 2287 589 2344 ἐπὶ
602 2286 649 2357 τὴν
671 2287 803 2368 πορθμίδα
822 2290 946 2367 δρομαῖος

162 2372 327 2431 ἔσπευδεν·ὑ
350 2374 400 2452 γάρ
418 2375 531 2450 πολεμος
554 2374 604 2445 ἤδη
631 2376 776 2454 συνερράγη
799 2377 843 2433 καί
859 2381 945 2454 παρῆν

161 2465 223 2542 ὁρᾶν
236 2462 281 2518 καί
295 2461 426 2542 πόρρωθεν
438 2460 496 2528 τοὺς
511 2461 543 2519 τδι
561 2462 663 2540 ἔσχατα
684 2463 752 2521 κατὰ
766 2461 812 2529 τθς
826 2462 946 2530 είσθολθις

122 2574 148 2614 ης
161 2552 207 2619 τῆς
221 2547 313 2624 λίμνης
325 2550 459 2615 οἰκοῦντας
471 2548 668 2624 ἁλισκομένους.
707 2552 741 2609 Οί
756 2550 806 2630 γδιρ
821 2551 946 2609 ἐπελθόν-

161 2659 203 2702 τες
213 2639 265 2694 τῶν
280 2635 482 2695 ὑποπιπτόντων
495 2635 512 2707 ἢ
526 2637 571 2695 καὶ
582 2642 649 2718 φυγῇ
660 2639 802 2718 χρωμένων
815 2639 848 2697 τὰ
858 2640 944 2719 σκάφη

161 2727 206 2783 καὶ
220 2725 267 2791 τθς
279 2724 398 2791 καλύόας
408 2724 620 2804 ἐνεπίμπρασαν·
634 2729 677 2807 ὑφ’
690 2718 726 2785 ὧν
741 2730 787 2797 τῆς
797 2727 890 2806 φλογὸς
903 2730 945 2785 ἐπὶ

162 2814 192 2873 τδ
210 2813 321 2885 πλησίον
343 2814 400 2881 ἕλος
422 2814 649 2894 διαρριπιζομένης
663 2815 708 2872 καί
728 2815 772 2873 τόν
785 2815 867 2874 πολθν
888 2817 945 2875 κατ’

162 2901 225 2959 αὐτὸ
245 2902 365 2977 κάλαμον
380 2902 497 2981 σωρηδὸν
514 2902 660 2978 νεμομένης
681 2901 813 2981 ἄφραστόν
834 2927 860 2962 τι
875 2903 944 2982 [καί

121 3015 149 3055 sn
161 2987 307 3070 ἀφόρητον]
324 2990 367 3047 tet
378 2987 437 3055 τοὺς
450 2989 600 3070 ὀφθαλμοὺς
621 2989 700 3057 σέλας
712 2988 844 3070 ἔμπυρον,
862 2990 905 3048 έπί
918 2990 945 3049 δὲ

161 3077 207 3149 τὴν
226 3077 307 3147 ἀκοὴν
322 3075 377 3156 ἠχὴ
391 3076 551 3158 κατάκροτος
565 3076 714 3158 ἐπεφέρετο.
759 3078 813 3138 Καί
825 3079 942 3158 πολέμου

160 3173 213 3223 πᾶν
228 3154 293 3231 εἶδος
308 3164 353 3222 καί
368 3167 500 3245 ἐνηργεῖτο
513 3165 558 3224 καί
573 3164 723 3238 ἐξηκούετο·
735 3168 787 3224 τῶν
796 3165 843 3243 μὲν
859 3170 944 3247 ἐγχω-

162 3253 223 3334 ρίων
238 3252 370 3332 προθυμίᾳ
384 3253 429 3310 καί
443 3251 518 3332 ῥώμῃ
534 3252 607 3333 πάσῃ
627 3252 675 3324 τὴν
689 3254 779 3332 μάχην
795 3254 944 3335 ὑφισταμέ-

159 3365 219 3414 νων,
236 3345 287 3399 τῶν
313 3340 339 3399 δὲ
353 3344 391 3421 τῷ
413 3341 507 3412 πλήθει
521 3342 566 3398 καὶ
582 3346 629 3412 τῆς
646 3342 738 3421 ἐφόδου
758 3345 795 3420 τῷ
811 3345 944 3422 ἀπροσδο-

120 3447 147 3486 το
160 3429 233 3509 κήτῳ
255 3433 377 3488 πλεῖστον
399 3429 597 3510 ὑπερφερόντων
621 3430 739 3497 καὶτοὺς
759 3428 806 3506 μὲν
830 3429 874 3489 ἐπὶ
897 3435 945 3509 γῆς

160 3517 344 3596 ἀναιρούντων,
370 3517 428 3582 τοὺς
450 3518 472 3575 δ’
490 3520 525 3583 εἰς
546 3519 594 3588 τὴν
613 3518 708 3593 λίμνην
729 3518 814 3583 αὑτοῖς
832 3518 945 3597 σκάφεσι

159 3606 204 3663 καί
216 3609 302 3671 αὐτοῖς
315 3606 443 3680 οἰκήμασι
459 3605 647 3684 βαπτιζόντων.
691 3605 755 3685 Ὑφ’
770 3596 806 3662 διν
818 3605 942 3663 ἁπάντων

159 3692 251 3759 δοὺπός
265 3717 303 3759 τις
322 3693 386 3771 πρὸς
398 3693 441 3750 τὸν
467 3693 532 3772 ἀέρα
553 3692 688 3770 συμμιγὴς
705 3694 801 3772 ἤρετο,
824 3696 943 3771 πεζομα-

158 3780 274 3860 χούντων
298 3785 363 3858 ὑμοῦ
389 3783 434 3838 καί
456 3780 678 3861 ναυμαχούντων,
698 3782 830 3840 ὀλλύντων
853 3783 939 3841 τεκαὶ

118 3890 146 3930 ιο
160 3868 320 3945 ὀλλυμένων,
344 3866 439 3943 αίματι
464 3869 511 3939 τὴν
540 3869 633 3945 λίμνην
664 3869 856 3950 φοινιττόντων,
881 3869 943 3950 πυρί

999 749 1068 799 rideo
1079 748 1138 813 quid
1157 749 1258 798 attineat
1271 761 1314 797 ros
1326 748 1435 810 pluribus
1447 749 1553 808 bertari,
1567 750 1610 813 qui
1622 750 1793 803 admonitione

997 842 1063 891 nulla
1075 841 1214 904 indigestis,
1231 845 1272 894 sed
1284 846 1359 895 vitam
1375 846 1465 896 bellum
1483 860 1578 910 semper
1590 847 1702 910 ducatis,
1725 863 1793 912 pras-

996 943 1079 993 sertim
1093 944 1218 1007 inopinato
1229 945 1335 996 hostium
1349 947 1456 999 adventu
1472 949 1604 1000 verborum
1621 952 1793 1014 prolixitatem

996 1046 1150 1110 prcectdeuts.
1183 1049 1277 1108 Quibus
1285 1051 1350 1100 enlm
1359 1051 1410 1113 iam
1420 1051 1499 1102 hostes
1511 1055 1598 1116 reipsa
1607 1054 1660 1104 vim
1671 1055 1792 1118 tulerant,

995 1149 1037 1213 qui
1048 1163 1101 1200 enm
1111 1164 1159 1201 uon
1170 1151 1252 1203 iisdem
1265 1153 1399 1203 rationibus
1412 1155 1561 1218 propulsant,
1574 1170 1673 1219 prorsus
1686 1160 1793 1210 consitio

997 1251 1030 1301 rei
1041 1252 1193 1304 convenienti
1204 1252 1377 1305 destituuntur.
1410 1255 1516 1306 Sdentcs
1524 1257 1606 1319 tgltur,
1618 1259 1686 1322 qnod
1697 1261 1793 1312 nonde

995 1356 1125 1418 osoribus,
1140 1369 1219 1419 neque
1238 1357 1267 1407 de
1277 1357 1358 1408 liberis
1369 1360 1461 1421 agatur,
1478 1358 1543 1421 qrrod
1558 1359 1596 1409 rel
1609 1361 1690 1411 solum
1703 1362 1792 1425 pleris-

996 1464 1044 1513 que
1054 1451 1086 1501 ad
1098 1452 1238 1504 excitandos
1250 1453 1345 1503 animos
1354 1452 1385 1504 ad
1395 1454 1506 1518 prrelium
1519 1455 1635 1505 suttecit:
1649 1459 1750 1507 umetsi
1766 1461 1792 1509 et

996 1553 1050 1602 lraec
1059 1553 1159 1604 minoris
1172 1555 1289 1604 momenti
1303 1557 1327 1604 et
1338 1554 1386 1604 alla
1397 1568 1558 1619 quaecumque
1568 1555 1674 1608 victores
1686 1559 1790 1609 manent

997 1650 1017 1699 si
1028 1650 1155 1700 vicerimus
1164 1651 1251 1701 trabere
1263 1651 1356 1713 licebit,
1365 1651 1406 1702 sed
1416 1651 1445 1701 de
1455 1653 1504 1701 rita
1513 1655 1537 1703 et
1547 1653 1676 1704 animabus
1685 1655 1787 1716 nostrisr

994 1757 1073 1806 neque
1083 1744 1147 1794 enim
1157 1757 1265 1806 unquam
1275 1747 1350 1808 pactis
1361 1745 1451 1795 bellum
1471 1747 1533 1796 inter
1544 1747 1672 1809 predones
1684 1760 1785 1812 conpo-

996 1839 1068 1889 situm
1088 1842 1139 1899 ast,
1154 1853 1233 1903 neque
1250 1840 1380 1889 loederibus
1399 1840 1509 1901 linitum,
1525 1840 1568 1891 sed
1583 1845 1627 1892 aut
1645 1842 1787 1906 superstite

994 1948 1049 1984 esse
1060 1935 1163 1986 victores
1174 1938 1217 1985 aut
1230 1936 1292 1984 mori
1301 1935 1377 1985 victos
1388 1949 1483 1986 nmesse
1495 1940 1544 1997 est,
1556 1938 1590 1988 itu
1600 1950 1658 1989 cunr
1671 1938 1786 1991 inimicis·

996 2032 1063 2082 simis
1072 2068 1079 2092 ,
1087 2032 1167 2082 animo
1177 2034 1201 2082 et
1209 2044 1310 2094 corpore
1319 2031 1419 2081 incitato
1430 2045 1611 2084 concurramus.

1025 2130 1099 2178 xxx.
1115 2131 1174 2178 llaec
1191 2128 1287 2177 locutus
1301 2128 1442 2178 scutiferum
1463 2128 1672 2192 circumspiciebat
1692 2133 1718 2181 et
1741 2146 1782 2182 no·

994 2231 1058 2279 mino
1071 2231 1159 2293 captus
1179 2228 1347 2280 Tlrermutlrim
1358 2230 1469 2278 rocabet.
1502 2231 1565 2279 curu
1583 2243 1643 2280 νετο
1662 2243 1781 2296 nusquam

994 2332 1100 2393 adesset,
1114 2332 1269 2381 vehementer
1281 2331 1400 2392 minatus,
1408 2330 1439 2381 ad
1450 2332 1580 2394 trejectum
1591 2344 1667 2383 cursu
1681 2339 1781 2385 conteu-

994 2433 1039 2483 dit.
1072 2435 1126 2483 Jam
1136 2432 1200 2483 enim
1208 2433 1319 2497 proelium
1330 2432 1484 2484 commissum
1497 2433 1575 2485 luerat
1585 2437 1610 2485 et
1621 2435 1692 2486 licuit
1703 2437 1781 2488 ridere

994 2533 1066 2583 etism
1080 2548 1094 2584 e
1106 2534 1237 2597 longinquo
1249 2547 1290 2584 eos
1300 2570 1307 2593 ,
1319 2533 1362 2596 qui
1380 2535 1502 2583 extremas
1518 2535 1598 2596 partes
1615 2535 1684 2585 laons
1695 2539 1721 2586 st
1733 2536 1790 2587 adi·

993 2636 1047 2681 tum
1059 2633 1139 2696 ipsum
1152 2632 1290 2682 incolebant
1301 2633 1351 2694 jam
1371 2631 1454 2681 venire
1470 2632 1494 2680 in
1509 2631 1614 2681 bostium
1629 2635 1790 2695 potcstatcrn.

993 2735 1053 2782 llam
1072 2733 1096 2794 ii,
1113 2734 1155 2796 qul
1168 2733 1329 2794 advenerant,
1342 2732 1480 2783 cadentium
1493 2735 1517 2783 et
1529 2734 1584 2795 tuga
1594 2733 1641 2783 sibl
1655 2736 1820 2787 consulen—

993 2834 1055 2884 tium
1069 2848 1143 2885 nares
1154 2837 1180 2886 et
1193 2836 1289 2898 tuguria
1306 2835 1498 2886 succenderant:
1513 2836 1629 2899 aquibus
1646 2837 1745 2889 tumme
1759 2838 1820 2889 icz

993 2928 1096 2977 vicinam
1109 2927 1221 2991 paludem
1241 2929 1346 2992 projecta
1358 2931 1383 2979 et
1395 2929 1552 2989 smndiuem‚
1565 2930 1637 2992 cujus
1648 2944 1737 2996 magna
1748 2934 1811 2983 ri:

992 3024 1017 3073 in
1029 3037 1057 3074 ea
1066 3027 1118 3074 erat
1126 3024 1256 3074 acervatim
1268 3026 1383 3086 rorante,
1394 3025 1476 3088 ingens
1486 3026 1586 3088 quidam
1598 3025 1634 3090 [et
1645 3025 1820 3078 lutolcrabi-J'

992 3120 1035 3186 lis]
1055 3120 1167 3184 splendor
1178 3121 1209 3171 ab
1223 3122 1275 3183 igne
1293 3121 1402 3172 redditus
1416 3121 1442 3171 in
1455 3121 1553 3181 oculos,
1569 3122 1593 3171 in
1611 3136 1685 3173 aures
1697 3127 1820 3175 eutcan

993 3217 1070 3278 tragor
1082 3219 1107 3266 et
1115 3217 1229 3279 strepltus
1242 3216 1394 3279 incurrebat,
1407 3219 1432 3268 et
1443 3217 1521 3267 onmis
1532 3216 1588 3267 belli
1597 3219 1692 3280 specics
1703 3219 1789 3270 cieba-
1798 3234 1820 3264 s

992 3314 1032 3360 tur
1041 3314 1113 3374 atque
1127 3311 1308 3371 exaudiebatur,
1326 3310 1445 3373 indigenis
1456 3311 1521 3361 omni
1535 3310 1692 3361 contentione
1705 3315 1732 3363 et
1742 3326 1784 3362 m·
1796 3323 1820 3355 ⁴

992 3405 1050 3454 bore
1063 3406 1173 3468 proelium
1189 3405 1375 3465 sustinentibus;
1393 3406 1439 3455 illis
1451 3420 1509 3456 reru
1521 3405 1680 3456 multttudlns
1693 3409 1720 3458 et
1737 3406 1770 3458 i·
1781 3416 1820 3455 ι

992 3498 1086 3560 proviso
1106 3512 1202 3548 accessu
1224 3500 1293 3560 longe
1308 3499 1477 3562 superantibus
1495 3502 1519 3548 et
1534 3499 1654 3562 quosdam
1674 3501 1702 3550 in
1719 3504 1820 3552 terr·¹

992 3593 1153 3655 credentibus,
1166 3595 1282 3657 quosdam
1295 3595 1319 3643 in
1330 3595 1381 3643 lacu
1395 3608 1442 3644 una
1456 3609 1512 3644 cum
1529 3595 1584 3657 ipsis
1597 3596 1820 3659 mugitusque:

991 3688 1063 3736 etism
1075 3687 1227 3737 domunculis
1236 3686 1433 3749 deprimentibus.
1466 3690 1504 3736 En
1515 3686 1603 3749 quibus
1612 3687 1730 3738 omuibus
1742 3698 1820 3739 am

991 3783 1056 3832 nitus
1071 3781 1169 3845 quidum
1185 3781 1303 3831 contlatus
1320 3781 1345 3830 in
1360 3784 1440 3830 nerem
1459 3781 1589 3842 terebatur,
1604 3793 1662 3830 cum
1677 3780 1820 3845 pedm

991 3876 1075 3938 proelio
1089 3877 1113 3924 et
1127 3874 1205 3923 novoli
1220 3875 1391 3935 decernerent,
1407 3873 1527 3923 caederent
1541 3876 1566 3923 et
1580 3874 1711 3937 caderent,
1725 3886 1820 3927 stu

158 3957 249 4015 δὲκαὶ
272 3955 347 4013 ὕδατι
367 3955 599 4033 συμπλεκομένων.
640 3955 723 4036 Ἅπερ
737 3947 835 4023 ὡςείδέ
849 3981 877 4016 τε
898 3960 944 4016 καί
990 3971 1060 4033 guine
1069 3970 1148 4019 lacum
1158 3971 1321 4029 cruentarunt,
1332 3969 1379 4032 igni
1389 3972 1413 4019 et
1423 3983 1486 4033 aqua
1496 3970 1686 4033 implicarentur,
1720 3975 1820 4030 Qus·

157 4046 294 4116 ἤκουσενό
313 4044 430 4120 Θύαμις,
454 4044 573 4121 ἐνθύμιον
598 4045 787 4126 αθτῷτὸόναρ
810 4045 941 4126 γίγνεται,
968 4096 970 4103 .

991 4080 1046 4116 cum
1065 4066 1126 4115 uidit
1147 4067 1171 4114 et
1190 4064 1283 4114 audivit
1297 4065 1423 4127 Thyamis,
1436 4064 1557 4114 somnium
1572 4065 1606 4115 illi
1628 4066 1653 4116 in
1672 4071 1820 4117 merten

159 4135 226 4194 καθὸ
267 4159 286 4206 ιν
301 4130 369 4194 Ἶσίν
386 4134 456 4214 ἑώρα
472 4134 516 4193 καί
532 4136 579 4193 τὸν
596 4135 658 4194 νεὼν
675 4134 779 4194 ἅπαντα
796 4136 942 4213 inpetum
990 4162 1070 4222 veuit,
1087 4160 1569 4225 quolsimvideratettotumtemplum
1589 4158 1820 4213 tactbusctrli

157 4222 203 4283 καί
218 4226 313 4282 θυσιῶν
326 4221 492 4300 ἀνάμεστον·
505 4223 552 4282 καί
566 4228 642 4283 ταῦτ’
660 4226 747 4282 ἐκεῖνα
760 4214 827 4282 εἶναι
847 4221 882 4283 τθ
898 4230 942 4282 νῦν
990 4258 1055 4307 fimi,
1067 4257 1197 4318 refertum
1208 4258 1281 4318 ,tque
1293 4256 1334 4305 ,1γᾶ
1347 4269 1399 4305 esse
1409 4256 1473 4317 ΜΟ,
1486 4269 1542 4318 quoe
1552 4270 1619 4306 mmo
1629 4256 1820 4313 'impu‘

118 4330 144 4370 ια
159 4310 289 4394 δρώμενα.
335 4311 389 4370 Καί
399 4313 462 4391 πρὸς
474 4313 599 4370 τάναντία
611 4318 662 4371 τῶν
675 4311 808 4393 προτέρων
821 4311 868 4383 τὴν
883 4313 941 4394 όψιν

158 4401 309 4472 συνέόαλεν,
324 4403 359 4467 ὡς
373 4399 442 4479 έχων
458 4404 507 4480 οὑχ
520 4400 570 4468 ἔξει
583 4399 629 4471 τὴν
646 4400 821 4482 Χαρίκλειαν,
837 4401 886 4460 ὑπὸ
897 4409 941 4462 τοὺ

157 4494 274 4574 πολέμου
288 4493 384 4565 ταύτης
401 4492 597 4575 ἀφαιρεθείσης·
611 4495 655 4552 καὶ
676 4497 710 4560 ὡς
726 4493 843 4574 φονεύσει
855 4493 901 4552 καί
913 4499 941 4554 οὐ

157 4587 262 4661 τρόισει,
279 4583 343 4664 ξίφει
360 4583 405 4641 καί
425 4584 472 4641 οθκ
487 4583 638 4663 Ἀφροδίτης
660 4582 741 4664 νόμῳ.
784 4581 839 4642 Καὶ
856 4581 942 4641 πολλδι

160 4673 207 4742 τὴν
220 4673 280 4731 θεὰν
296 4676 330 4739 ὡς
346 4673 453 4752 δολερδιν
468 4671 595 4737 ὀνειδίσας
614 4670 660 4729 καί
682 4670 763 4729 δεινόν
777 4671 943 4747 ἡγησάμενος

118 4770 144 4807 ⁵0
158 4760 225 4824 είτις
242 4760 318 4826 ἄλλος
327 4761 454 4838 ἐγκρατὴς
473 4758 715 4838 έσταιΧαρικλείας
725 4758 940 4838 μικρὺνέπισχειν

157 4847 216 4912 τοὺς
232 4848 278 4903 σὺν
306 4850 377 4927 αὐτῷ
392 4848 516 4914 κελεύσας
537 4847 583 4907 καί
597 4851 630 4914 ὡς
643 4846 711 4905 κατὰ
727 4848 805 4905 τόπον
818 4847 941 4925 μένοντας

989 4350 1208 4411 animadvertebat,
1223 4352 1247 4399 et
1258 4362 1287 4400 es
1299 4351 1385 4400 somnii
1394 4350 1485 4399 visione
1496 4350 1642 4400 contrariam
1649 4352 1723 4413 priori
1730 4362 1820 4401 cc,

990 4444 1076 4510 ligebat
1085 4443 1242 4505 senteutiam,
1256 4442 1323 4505 quod
1335 4440 1426 4492 babens
1437 4455 1484 4490 non
1499 4441 1628 4492 habiturus
1639 4444 1702 4493 ceses
1713 4442 1820 4492 clus

989 4542 1100 4602 ricleam,
1111 4542 1195 4603 utpote
1207 4539 1268 4590 bello
1281 4542 1405 4602 ereptam
1420 4543 1445 4589 et
1456 4540 1522 4602 quud
1533 4539 1706 4590 interfecturus
1716 4546 1820 4589 aaa

988 4642 1013 4689 et
1026 4651 1075 4688 non
1086 4637 1274 4697 numeraturum
1289 4634 1368 4698 gladio
1379 4635 1471 4686 scilicet
1486 4637 1512 4685 et
1532 4648 1581 4685 nou
1594 4647 1698 4685 venem
1714 4634 1820 4697 ναξ

915 4759 928 4772 a
989 4737 1097 4798 Denique
1109 4748 1164 4784 cum
1185 4734 1254 4783 deam
1269 4734 1298 4781 nt
1312 4731 1490 4782 iraudulentum
1510 4731 1627 4781 muriciis
1638 4733 1820 4782 onermz

987 4832 1112 4895 indignum
1127 4834 1193 4881 ratus
1206 4831 1310 4893 aliquem
1330 4830 1405 4878 atium
1419 4829 1542 4879 chariclea
1563 4828 1650 4892 potiri,
1665 4827 1716 4878 suis
1728 4826 1820 4876 {A

158 4936 285 4991 ποιεῖσθαι
298 4935 385 5004 δεήσει
401 4937 448 5008 τὴν
467 4938 556 5017 μάχην
572 4937 674 5018 φράσῃ
688 4935 863 5002 κηπεύοντας
881 4935 940 5013 “⁵9¹
987 4931 1127 4995 qrrantispcr
1147 4943 1173 4980 se
1189 4930 1311 4979 continere
1323 4929 1409 4989 jussis,
1429 4941 1458 4976 nc
1473 4928 1492 4977 si
1506 4928 1531 4976 in
1549 4928 1604 4976 loco
1622 4923 1820 4977 manentibd

157 5023 186 5078 τό
198 5021 311 5091 νησίδων
323 5024 367 5079 καὶ
380 5022 422 5080 διὰ
434 5028 485 5082 τῶν
499 5025 573 5104 πέριξ
588 5029 651 5084 ἑλῶν
664 5024 785 5105 κρυφίους
800 5023 845 5090 τὰς
858 5023 936 5100 ἐμόο·
988 5026 1146 5089 proetiandum
1152 5027 1222 5085 esset,
1233 5024 1316 5073 turtim
1325 5023 1389 5072 circs
1397 5021 1498 5070 insulam
1505 5017 1739 5084 pugnandoetocout
1770 5004 1820 5058 J

157 5110 204 5176 δᾶς
219 5113 403 5186 solomone,
420 5115 563 5190 ἀγαπητῶς
576 5115 627 5194 γὰρ
649 5115 681 5173 διν
702 5113 746 5172 καί
762 5112 843 5179 οὑτως
865 5116 937 5170 ἀντι·
987 5119 1152 5182 eruptionibus
1166 5133 1197 5168 ex
1213 5117 1340 5181 paludibus
1352 5117 1375 5166 in
1391 5115 1492 5165 circuitu
1506 5112 1620 5165 laciendls
1635 5131 1642 5164 ε
1656 5110 1698 5162 vix
1708 5106 1780 5160 en?
