3726 5692
72 316 118 391 tc·
131 311 250 387 ..-m

70 441 194 515 Πανθία,
215 441 342 523 παρθένος
357 443 489 522 Ὑσμίνη,
503 446 548 504 καὶ
570 446 727 525 θεράπαιναι
742 459 819 532 τρεῖς·
839 455 855 522 ἡ

70 530 118 605 μέν
134 532 164 589 ἐκ
178 535 223 589 τοῦ
235 530 347 613 φρέατος
359 530 428 613 ὕδωρ
443 532 551 614 έφερεν,
566 533 623 606 ἠδέ
634 559 660 593 τι
674 541 764 605 σκεῦος
778 539 858 620 ἀργό-

69 642 128 696 ρεον
145 620 187 680 ἀπ’
209 619 289 696 ὤμων
306 624 422 700 ἀνεῖχεν,
436 624 453 693 ἡ
469 620 496 680 δέ
517 621 593 702 τρίτη
607 623 678 683 λίνον
697 626 767 689 κατὰ
781 627 856 707 χιόνα

66 706 172 769 λευκόν.
217 707 371 785 Ἐπέὸημεν
382 715 428 768 τοῦ
440 710 584 788 δωματίου,
596 712 642 770 καί
653 714 792 786 Σωσθένης
803 739 857 793 μοι,

33 814 52 853 o
67 794 215 876 ιΧαίροις,
226 825 238 847 ν
253 796 353 870 εἰπὼν,
366 797 411 856 σὺν
424 802 457 877 τῇ
471 800 578 880 Πανθίορ
599 799 694 880 ᾤχετο.
738 801 810 882 Ἐγὼ
829 804 856 862 δε

64 882 114 942 καὶ
123 884 301 964 Κρατισθένης
311 887 499 967 ἀνεκεκλίμεθα
508 890 568 971 περλ
578 890 668 959 κλίνας
679 889 719 950 ότι
729 895 856 973 λαμπρῶς

65 974 232 1052 ἐσταλμένας
245 975 291 1034 καί
307 979 444 1054 μαλακῶς.
488 976 620 1053 Ὑπέθηκε
639 979 668 1039 τδ
684 985 774 1048 σκεῦος
795 981 856 1061 περὶ

62 1061 112 1122 τὸν
124 1063 259 1142 σκίμποδα
273 1066 365 1138 κλίνης
379 1069 444 1145 ἐμῆς
457 1071 474 1139 ἡ
487 1072 563 1128 τοῦτο
580 1069 738 1149 κατέχουσα·
750 1076 766 1143 ἡ
778 1069 855 1153 έτίρα

61 1151 97 1210 τὸ
108 1150 178 1233 θδιυρ
187 1151 325 1213 έπέόαλεν·
338 1160 355 1226 ἡ
366 1154 394 1215 sl
406 1155 532 1236 παρθένος
542 1155 659 1236 Ὗσμίνη
671 1161 809 1220 ὀκλάσασα
817 1158 855 1218 τὼ

13 1254 47 1295 tlt
62 1239 131 1299 πόδε
144 1241 190 1299 καί
204 1243 339 1320 λαόομένη
355 1267 405 1321 μου
418 1248 470 1303 τῶν
483 1247 571 1306 ποδῶν
586 1246 761 1330 έκπλθνειτῷ
778 1248 855 1310 ὕδατι

61 1328 134 1405 (καὶ
147 1336 224 1389 τοῦτο
237 1330 288 1410 γδρ
301 1340 355 1399 τοῖς
364 1331 470 1414 κήρυξιν
483 1334 638 1414 ἀφωαίωται
649 1335 668 1417 J·
682 1337 787 1418 συνέχει
797 1339 854 1400 τού-

61 1441 142 1489 τους,
157 1418 280 1500 κατέχει,
296 1422 503 1500 περιπλέκεται,
519 1423 620 1496 bilder,
637 1427 753 1506 ἀψοφητὶ
768 1430 853 1508 φιλεῖ,

61 1504 113 1565 καὶ
130 1507 289 1567 θποκλέπτει
302 1508 333 1568 τὸ
352 1511 464 1591 φιλημα·
478 1510 526 1569 καλ
538 1511 611 1580 τέλος
632 1512 784 1590 ἀμθττουσα
801 1524 855 1581 τοῖς

62 1591 138 1662 όνυζι
152 1595 306 1675 γαργαλίζει
317 1619 363 1673 με.
378 1596 450 1674 Ἐγὼ
468 1596 497 1656 δέ
510 1597 597 1659 τάλλα
612 1605 692 1677 σιγῶν
708 1601 753 1660 καλ
768 1602 853 1683 φέρων

12 1696 46 1737 lb
61 1682 138 1743 ἀκων
167 1683 353 1765 ἀνεκάγρασα·
377 1684 512 1745 ἀνένευσεν
536 1690 552 1757 ἡ
582 1687 666 1767 κόρη,
688 1690 733 1748 καὶ
757 1694 854 1759 ἀτενῶς

62 1769 158 1831 ἰδοῦσά
173 1795 222 1848 με,
245 1771 338 1855 μικρὸν
357 1772 508 1851 ἐμειδίασε,
528 1775 574 1833 καὶ
594 1776 674 1834 παλιν
695 1776 852 1856 κατένευσε,

59 1856 116 1919 κάν
136 1856 188 1937 ἐγὼ
207 1863 260 1926 τοῖς
275 1860 369 1940 ἔρωσιν
392 1863 439 1920 οὐκ
454 1861 587 1922 ἐπένευον·
629 1865 780 1941 ἀπομάσσει
802 1888 853 1942 μου

59 1947 125 2015 τοὺς
138 1946 236 2022 πόδας,
250 1948 281 2008 τὸ
293 1947 409 2030 μάκτρον
422 1953 452 2011 έκ
466 1953 519 2009 τῶν
537 1955 583 2023 τῆς
596 1951 775 2032 θεραπαινίδος
790 1955 852 2012 ἀνε-

59 2035 164 2114 λομένη
174 2038 351 2115 χειρῶνὴδὲ,
368 2038 516 2120 αΧαίροις,
531 2040 640 2100 εἰποῦσά
653 2064 715 2117 μοι,
732 2040 851 2121 κήρυξμ)

10 2140 44 2179 ευ
59 2124 160 2207 ᾤχετο.

105 2234 141 2275 tt.
162 2213 234 2293 Ἐγὼ
244 2215 272 2274 δέ
285 2216 346 2295 περὶ
356 2216 401 2276 τὸν
416 2216 496 2275 θπνον
507 2218 659 2299 ἐτραπόμην
671 2218 756 2294 εὐθὺς,
768 2244 850 2299 καρη·

59 2300 185 2385 ὄαρήοας
193 2303 239 2363 καί
248 2309 330 2386 τροφῇ
343 2304 389 2365 καλ
402 2304 478 2365 πόσει
487 2306 532 2367 καλ
545 2305 634 2376 πόνοις
647 2316 700 2375 τοῖς
710 2304 756 2371 τοῦ
769 2308 851 2390 κηρί-

60 2413 172 2469 γματσς.
182 2391 283 2473 Περλδέ
292 2392 383 2473 τρίτην
390 2393 508 2475 φυλακην
515 2396 681 2466 τῆςνυκτὸςό
692 2397 770 2466 καλδς
780 2401 856 2478 Κρα--

58 2480 183 2553 τισθένης
194 2479 320 2551 έξυπνίζει
331 2507 364 2560 με
378 2483 494 2562 λέγων·
513 2487 558 2545 Οὐ
580 2484 641 2566 χρὴ
663 2484 850 2569 παννύχιον

13 2588 45 2631 Ι
60 2566 308 2651 νεθδεινάνδρα
322 2570 566 2650 scripum-'Emis
581 2574 604 2631 δ’
620 2573 787 2654 ἀπεσπώμην
799 2579 850 2635 τῶν

58 2654 164 2735 δπνιαν,
178 2659 245 2719 αἰδοῖ
252 2658 297 2719 καλ
307 2659 381 2741 φιλίᾳ
392 2658 553 2740 πειθόμενος·
568 2666 593 2721 οἱ
603 2663 682 2723 δὀὐκ
694 2664 852 2724 ἀπεσπῶντό

59 2770 114 2823 μου
128 2750 180 2807 τῶν
199 2750 350 2829 ὀφθαλμῶν·
371 2750 454 2831 τροφὴ
472 2749 524 2831 γὰρ
542 2751 588 2811 καλ
607 2752 683 2818 πόσις
706 2752 751 2811 καλ
771 2753 852 2821 κόπος

59 2834 146 2897 ἀπνου
155 2834 240 2913 πηγή.
249 2863 263 2888 ι
272 2836 309 2896 Τί
319 2838 346 2895 δέ
361 2835 426 2916 φῂς,
438 2828 460 2896 ῶ
472 2837 656 2918 Κρατίσθενες,
669 2830 752 2910 εἶπον,
761 2838 788 2899 τί
801 2864 852 2919 μου

62 2952 75 2978 ι
90 2928 147 2985 τῶν
159 2925 297 3007 βλιφάριιιν
308 2927 352 2987 τὸν
365 2927 462 3005 γλυκὺν
473 2927 698 3008 ἀποσπᾷςθπνον,
708 2955 721 2980 ι
734 2927 770 2989 Ὁ
780 2928 808 2988 δέ
817 2929 851 2988 τά

17 3032 48 3075 ω
61 3012 126 3096 περὶ
139 3010 271 3095 τράπεζαν
279 3014 364 3085 ἐζήτει
374 3016 530 3093 μαθεῖν,καλ
541 3018 598 3083 πῶς
607 3016 779 3098 ἀνεκάγχασα
788 3063 797 3094 ,
807 3022 852 3077 καὶ

60 3100 110 3175 τὴν
123 3100 190 3181 ἀμὴν
202 3104 462 3185 έλοιδόρειγλῶτταν,
474 3133 485 3158 ι
497 3104 724 3183 Γλώσσηςτοι,
735 3108 849 3185 λέγων,

61 3192 231 3273 φειδωλῆς
244 3194 404 3274 θησαυρὸς
420 3196 450 3252 ἐν
466 3193 850 3276 ἀνθρώποισινάριστος,

60 3278 202 3345 πλείστη
216 3278 249 3339 δέ
262 3303 295 3339 τε
308 3282 406 3361 χάρις
418 3281 505 3342 κατδι
519 3283 800 3364 μέτρονίοθσης.»

103 3388 141 3429 ta·
162 3367 237 3448 Ἐγὼ
248 3367 277 3428 δέ
290 3394 311 3429 π
327 3370 452 3438 ὸςαύτόν·
469 3398 480 3423 ι
495 3370 589 3431 Τάλλα
605 3372 652 3448 μέν
666 3377 712 3432 τοῦ
726 3372 849 3451 δείπνου,

13 3474 50 3513 τε
61 3484 74 3509 ι
90 3455 266 3539 Κρατίσθενις
274 3502 283 3531 ,
296 3394 380 3534 οίσθα,
399 3460 445 3520 καλ
462 3460 712 3539 συνανακλινόμενος
727 3463 791 3539 ἡμῖν
805 3463 850 3523 καὶ

62 3572 75 3598 ι
91 3543 175 3605 πίνειν
190 3550 236 3607 τοῦ
250 3547 427 3629 νέκταρος,τά
446 3548 473 3608 δέ
488 3549 548 3629 περλ
568 3549 615 3619 τὴν
634 3549 714 3628 κόρην
733 3557 849 3610 τοιαῦτα·

63 3660 75 3685 α
91 3633 197 3715 πρῶτόν
213 3657 259 3713 μοι
271 3634 387 3717 φέρουσα
401 3635 431 3696 τὸ
446 3638 521 3715 πόμα
528 3660 562 3711 ,ιι
573 3636 851 3721 Χαίροις,υθπεψιθό-

63 3748 77 3775 ι
91 3745 157 3804 pror·
169 3724 300 3807 δείπιρον,
315 3748 331 3785 ιι
343 3725 389 3794 ’Et
401 3727 544 3805 ὁμωνύμου
554 3727 683 3807 παρθένου
694 3731 789 3808 χειρῶν
808 3730 851 3789 δέ·

65 3839 76 3864 ·
91 3834 160 3893 χω,
171 3812 294 3895 φησλ,τδ
308 3816 432 3896 ποτήριον
445 3839 477 3890 ι),
489 3818 577 3895 ἠρέμα
592 3816 620 3875 δέ
634 3818 679 3876 καλ
697 3821 790 3892 τοῦτο,
805 3819 851 3877 καὶ

10 3918 54 3963 {a
65 3928 76 3953 ¹
89 3900 140 3975 dlv
151 3902 235 3974 ἀκοὴν
246 3905 457 3964 δποκλέπτουσα·
471 3908 497 3972 ές
510 3904 569 3964 ὅσον
583 3907 606 3964 δ’
618 3903 670 3984 ἐγὼ
680 3904 849 3981 {prooemiari

63 4016 78 4043 ι
89 3990 198 4071 offusos&
210 3992 255 4053 τὸν
270 3993 341 4054 πόδα
353 4017 404 4071 μου
418 3993 600 4055 κατεπέθλιὸε·
615 3995 700 4077 τρίτον
716 3997 792 4079 ἔφερέ
806 4012 850 4076 μοί

63 4106 78 4134 ι
89 4078 215 4160 εδπόμα,
229 4083 276 4143 καλ
288 4085 395 4143 διδοῦσα
406 4085 484 4144 πάλιν
495 4085 594 4165 ἐπέχει·
610 4086 663 4165 ἐγὼ
670 4086 692 4146 δ’
706 4085 770 4167 ὅπερ
785 4089 850 4161 ἀκή-

63 4198 78 4223 ι
89 4192 155 4239 νεοας
167 4170 277 4253 εῐρηνια,
299 4173 333 4232 τδ
348 4173 371 4232 δ’
389 4174 480 4255 ἐφεξῆς
501 4164 586 4249 οἶδας,
599 4173 644 4234 τὸν
664 4178 710 4246 τῆς
733 4175 851 4241 Πανθίαι

67 4286 81 4313 ι
97 4259 198 4340 θυμὸν,
212 4262 261 4333 την
279 4262 360 4344 ἀργὴν
375 4271 421 4324 τοῦ
434 4264 545 4345 πατρὸς,
560 4263 607 4335 τὴν
620 4267 667 4336 τῆς
680 4264 764 4345 *49²³
777 4265 852 4339 δίνη·

10 4356 54 4405 11
64 4374 78 4403 ⁸
91 4372 133 4411 σιν
142 4396 154 4427 ,
164 4348 213 4425 τὴν
226 4351 292 4414 allis
302 4357 350 4425 τῆς
361 4352 510 4434 παρθένου,
525 4353 573 4426 τὴν
589 4352 679 4432 σιγλν,
695 4354 743 4426 τὴν
754 4352 850 4428 έκπλη·

62 4464 77 4492 ⁸
92 4436 148 4515 ξεν,
157 4441 189 4501 τὸ
202 4439 337 4521 ίρόθημα,
354 4442 400 4502 καὶ
414 4441 500 4502 τᾶλλα
514 4443 591 4503 πένθ’
606 4440 691 4502 ὁπόσα
705 4441 850 4516 πέπονθεν,

63 4552 75 4581 ⁸
88 4529 125 4597 ὣς
138 4530 169 4589 tx
182 4536 311 4609 κεραυνοῦ
325 4531 452 4609 βληθεῖσά
464 4554 539 4598 τινος·
549 4532 614 4610 πρὸς
626 4530 642 4589 δ
656 4531 688 4602 δὴ
698 4529 802 4608 πάντα,
817 4532 849 4606 νὴ

62 4642 76 4669 ⁸
91 4614 122 4677 εδ
144 4618 241 4697 σεμνθν
258 4626 336 4681 τοῦτο
356 4621 508 4703 κηρύκειον,
528 4620 682 4700 ᾐσχυνόμην
697 4619 788 4695 αθτδς,
804 4621 850 4681 καλ

62 4730 74 4759 ⁸
88 4706 194 4781 μδλλον
209 4707 259 4779 τὴν
276 4708 325 4781 σὴν
345 4709 513 4789 ἐπιτίμησιν,
525 4710 582 4782 ἥτις
600 4733 634 4788 με
649 4717 725 4788 σιγᾶν
740 4710 849 4791 έπετρέ-

10 4804 73 4857 h·
88 4796 172 4877 θεοῖο.
213 4796 345 4878 Τέταρτον
365 4797 487 4877 έπίνομεν
505 4803 604 4878 σωτῆρι
628 4791 688 4872 dd,
703 4797 748 4856 καλ
767 4797 847 4858 πάλιν

58 4910 73 4939 ⁸
87 4882 211 4965 Ὗσμίνη
225 4885 270 4947 τθν
290 4886 353 4966 ίμδν
374 4886 496 4946 έπέθλιόε
517 4886 655 4948 δάκτυλον.
696 4887 789 4947 Ταῦτα
815 4886 849 4947 τδι

57 5002 72 5029 ι
88 4976 139 5048 τῆς
156 4974 298 5057 τραπέζης
310 4974 345 5035 τδι
366 4975 394 5036 dl
415 4980 464 5048 τῆς
480 4975 570 5048 κλίνης
583 4978 677 5049 ὁποῖα,
697 4974 783 5035 νίπτει
797 4999 848 5054 μου

55 5089 69 5117 ι
87 5060 153 5130 τοθς
166 5063 266 5138 πόδας,
281 5065 486 5146 περιπλέκεται,
510 5062 592 5123 otiien
612 5061 671 5129 τοὺς
690 5063 846 5136 δακτύλους,

51 5181 67 5207 ι
84 5153 178 5233 φιλεῖ,
192 5152 239 5213 καί
263 5154 375 5233 φιλοῦσα
395 5152 503 5214 κλέπτει
518 5151 548 5212 τδ
568 5151 691 5232 φίλημα,
712 5152 755 5212 καὶ
775 5152 848 5220 τέλος

708 318 904 378 EUMATHH
926 324 1000 383 LlB.
1025 325 1047 381 l.

1634 352 1688 400 527

904 464 1021 523 llysminc
1036 465 1114 528 puella
1129 470 1153 517 et
1173 469 1268 518 ancillce
1290 476 1352 533 lrcs,
1370 486 1473 534 quarum
1485 475 1559 524 altere
1581 477 1690 528 lucustam

905 580 936 617 cx
947 568 1012 620 lontc
1022 582 1111 634 aquam
1122 573 1221 637 terebat,
1229 576 1304 625 altera
1315 568 1437 627 sublatum
1447 580 1471 628 in
1482 579 1596 633 humeros
1606 598 1691 649 argen-

902 682 969 728 teum
983 692 1042 742 rss,
1056 682 1126 731 tertia
1141 683 1241 733 linteum
1258 685 1465 738 candidissimum.
1479 690 1537 740 lllox
1551 693 1689 744 cubiculum

847 803 853 824 ι
903 785 1047 850 subivimus,
1057 792 1112 846 ct«
1126 791 1185 841 vale
1198 811 1210 833 ιι
1223 791 1431 856 dicto,Sostbcnes
1441 799 1579 848 acPantlria
1589 814 1690 852 recessa·

904 894 971 940 runt.
995 895 1045 955 Fgo
1066 899 1148 945 autem
1161 899 1185 946 el
1197 897 1359 949 crstlsllrenes
1369 903 1518 965 sumptuosis
1531 905 1690 969 mollibusque

902 993 1014 1045 collocati
1022 996 1117 1047 lectulis
1128 997 1296 1050 decubuimus.
1306 1004 1364 1051 llox
1374 1003 1461 1053 ancilla
1470 1019 1512 1054 ras
1521 1007 1586 1068 quod
1600 1008 1690 1059 terebat

902 1095 1196 1162 iulecliscabelloposuit3
1203 1101 1276 1151 altera
1283 1107 1364 1153 autem
1375 1118 1462 1167 aquam
1472 1106 1567 1157 inludit.
1574 1111 1689 1171 llysmiue

901 1202 994 1262 autem,
1007 1202 1075 1253 liaris
1084 1205 1208 1268 geniculis,
1217 1206 1291 1269 podes
1299 1221 1366 1258 meos
1374 1210 1501 1272 prehendit
1510 1215 1535 1262 et
1547 1213 1621 1276 lavit(
1633 1228 1688 1263 nam

901 1300 947 1351 boc
957 1301 1153 1354 caduceatoribus
1163 1305 1282 1368 religionis
1293 1322 1350 1371 ergo
1360 1310 1475 1360 tribuitur
1484 1312 1503 1373 );
1516 1312 1571 1361 illos
1582 1314 1689 1364 continet

902 1403 1001 1466 detinet,
1013 1405 1191 1470 complectitur,
1201 1410 1297 1471 premit,
1314 1411 1386 1463 tacita
1398 1413 1530 1474 osculatur,
1543 1417 1626 1465 oscula
1638 1417 1688 1466 lur-

902 1510 945 1559 tim
960 1510 1090 1574 decerpens
1107 1517 1132 1561 et
1142 1510 1247 1575 denique
1257 1515 1375 1577 unguium
1389 1516 1526 1567 titillatione
1539 1519 1623 1569 leuiter
1637 1534 1687 1570 cor·

901 1612 971 1664 radit.
1005 1617 1054 1676 Ego
1065 1613 1095 1663 ad
1107 1618 1195 1665 cmtera
1211 1616 1298 1666 tacitus
1308 1617 1465 1681 omniumque
1478 1619 1584 1680 patiens,
1598 1620 1689 1670 inultus

899 1713 981 1763 tamen
1000 1714 1029 1762 ad
1049 1713 1102 1763 lraec
1116 1715 1140 1764 in
1155 1717 1229 1766 risum
1244 1717 1321 1779 erupi.
1354 1718 1470 1780 uerpasit
1485 1719 1516 1767 ad
1531 1720 1606 1769 risum
1625 1723 1688 1782 llys-

900 1825 972 1885 mine,
984 1825 1130 1889 intentisque
1137 1826 1162 1876 in
1170 1826 1293 1876 medetixa
1302 1828 1380 1877 oculis
1391 1829 1568 1891 aliquantutum
1575 1830 1686 1892 subrisit,

900 1940 956 1976 mox
964 1928 1045 1978 numm
1057 1927 1331 1992 illosdemisitquamris
1339 1931 1377 1979 tot
1388 1905 1478 1980 amoris
1485 1930 1579 1981 indiciis
1588 1944 1637 1981 nou
1646 1945 1687 1981 au·

898 2043 1007 2090 nuaram,
1016 2032 1147 2094 statimque
1156 2038 1253 2096 accepto
1262 2046 1292 2083 es
1305 2034 1398 2084 ancillre
1405 2034 1516 2085 manibus
1526 2034 1600 2086 linteo
1614 2035 1687 2099 pedes

899 2133 1006 2197 detersit,
1012 2146 1041 2184 ac
1047 2135 1144 2185 reoessit
1152 2135 1255 2185 salutem
1264 2135 1418 2186 caduceatori
1428 2141 1531 2198 precata.

932 2240 969 2287 1³.
987 2240 1126 2301 llgoauteur
1136 2237 1190 2288 cibo
1199 2240 1307 2302 potuque
1316 2252 1345 2288 ac
1356 2238 1418 2288 sacri
1427 2238 1554 2289 ministerii
1567 2238 1688 2288 laboribus

899 2327 1013 2388 gravatus
1024 2339 1070 2378 nac
1088 2339 1156 2377 mora
1173 2327 1198 2375 in
1220 2326 1363 2390 prolnndam
1382 2327 1488 2389 quictem
1502 2326 1610 2390 sepultus
1623 2339 1686 2377 sum.

897 2417 1028 2466 Formosus
1044 2416 1208 2483 crstisthcoes
1231 2417 1293 2466 circa
1312 2417 1409 2466 tertiam
1426 2416 1531 2478 vigiliam
1554 2417 1631 2465 noctis
1648 2428 1688 2464 mo

897 2525 982 2562 mutuo
992 2512 1106 2571 excussit,
1120 2512 1158 2561 lris
1171 2511 1253 2561 verbis
1266 2512 1406 2574 increparrsr

952 2608 1059 2662 legatum
1072 2610 1143 2653 totam
1153 2610 1294 2662 pernoctem
1304 2607 1389 2652 ducere
1397 2616 1488 2651 somnos

952 2688 999 2723 nou
1011 2676 1084 2723 decet.

888 2739 948 2820 'ligo
964 2757 1049 2820 pudori
1070 2759 1095 2807 et
1111 2758 1223 2807 amicltlro
1238 2757 1388 2820 obsequutus
1402 2756 1493 2806 somnis
1509 2757 1627 2816 axcrriior,
1644 2757 1686 2817 qui

898 2848 979 2895 tamen
991 2846 1090 2894 omnino
1108 2858 1138 2894 ex
1155 2845 1232 2894 oculis
1246 2858 1295 2894 non
1307 2845 1403 2894 excussi
1415 2848 1487 2905 sunt;
1503 2845 1551 2893 cibi
1568 2846 1632 2893 enim
1646 2858 1685 2906 po·

898 2938 984 2996 lusqua
995 2936 1021 2983 el
1040 2933 1179 2994 delatigatlo
1197 2933 1276 2981 somni
1290 2933 1351 2981 lons.
1386 2936 1464 2994 Atque
1486 2933 1524 2980 ille
1536 2933 1634 2993 quidem
1647 2946 1684 2992 eo,

898 3035 953 3085 quae
965 3021 991 3072 in
1002 3019 1114 3071 convivio
1129 3019 1274 3081 acciderant,
1288 3020 1397 3082 risusque
1414 3031 1511 3068 causam
1523 3033 1634 3082 querens
1646 3020 1683 3069 ui-

898 3111 972 3160 miam
983 3110 1096 3173 loquendi
1107 3109 1264 3173 petulantiam
1276 3109 1399 3170 arguebat,
1409 3110 1453 3159 boc
1462 3109 1527 3159 dicto

950 3198 1054 3254 optimus
1064 3201 1099 3242 est
1108 3197 1195 3241 bomlnl
1203 3197 1321 3242 thesaurum
1331 3198 1406 3252 lingua
1416 3197 1523 3249 modesta,

951 3269 1091 3326 llanlmaquc
1101 3270 1160 3315 illius
1172 3276 1206 3314 ost
1217 3269 1288 3324 grstia
1297 3279 1368 3325 pauca
1378 3268 1497 3324 loquantis.

930 3393 965 3436 ll.
987 3389 1167 3448 legonaum«
1182 3385 1290 3442 caetera,
1303 3384 1415 3445 inquom,
1431 3397 1479 3432 non
1499 3383 1608 3445 ignoras,
1628 3381 1684 3444 quio

898 3496 909 3517 «ι
927 3489 975 3525 una
987 3475 1112 3525 nobiscnm
1125 3472 1258 3523 accubuisti
1270 3478 1294 3522 et
1303 3485 1333 3522 ex
1347 3478 1442 3523 nectare
1452 3470 1532 3521 bibisti
1539 3486 1547 3533 ;
1558 3484 1613 3534 quac
1625 3482 1684 3524 vcro

897 3584 909 3608 κ
926 3563 956 3612 ad
966 3564 1071 3626 puellam
1085 3564 1195 3626 spectant
1208 3566 1232 3611 ts
1242 3560 1343 3611 docebo.
1378 3562 1484 3610 Primum
1500 3560 1614 3623 poculum
1628 3574 1683 3610 cum

897 3672 909 3696 α
925 3652 1038 3715 praebuit,
1052 3672 1064 3695 ι
1077 3652 1163 3702 salros
1172 3650 1213 3710 sis,
1227 3650 1370 3700 caduceator
1381 3670 1393 3693 ν
1403 3649 1594 3699 submurmurat.
1607 3651 1682 3709 Μοκ,

897 3760 909 3784 ι
927 3740 964 3791 ΑΙ)
977 3740 1083 3802 ciusdem
1094 3740 1197 3789 nominis
1206 3739 1298 3801 virgine
1309 3738 1441 3789 secundum
1457 3739 1559 3800 babeas,
1574 3760 1586 3782 ν
1595 3739 1683 3802 iuquit,

897 3851 909 3872 ι
927 3829 986 3878 adeo
1007 3827 1131 3878 deminuta
1145 3840 1220 3887 roca,
1241 3832 1268 3876 υε
1286 3826 1397 3877 auditum
1419 3826 1524 3889 laboret,
1544 3827 1685 3890 tamdiuque

897 3939 909 3961 α
928 3917 1012 3980 podem
1028 3930 1109 3967 meum
1121 3930 1166 3965 suo
1175 3916 1289 3979 imposito
1299 3916 1392 3979 pressit,
1403 3915 1519 3978 quamdiu
1532 3915 1590 3966 bibi.
1625 3919 1683 3966 Ter·

897 4028 909 4051 «
927 4009 961 4058 tio
976 4006 1088 4069 poculms
1097 4004 1196 4068 quidem
1208 4005 1316 4068 praebere
1325 4004 1461 4066 videbatur,
1473 4005 1514 4054 sed
1531 4007 1614 4055 tameo
1625 4007 1682 4057 retl—

897 4118 908 4141 «ι
926 4096 1013 4158 uebal;
1024 4095 1104 4158 itaque
1121 4093 1178 4154 illa,
1191 4106 1248 4156 quae
1261 4093 1388 4156 audivisti,
1398 4094 1547 4143 exciderunt.
1582 4094 1683 4156 llellqua

896 4206 907 4229 ι
927 4188 953 4235 tu
973 4185 1053 4245 nosti,
1074 4182 1184 4233 Pantbiae
1205 4180 1395 4245 indignationem
1415 4183 1586 4243 sostbeulsque
1605 4184 1682 4242 iram,

897 4296 908 4317 ιι
926 4274 1011 4337 capitis
1020 4274 1129 4333 motum,
1143 4270 1230 4334 puellm
1245 4270 1378 4332 pudorem,
1392 4270 1530 4332 silentium,
1545 4273 1683 4321 consterna·

897 4383 909 4406 ι
927 4362 1031 4422 tionem,
1056 4359 1185 4420 ruborem,
1209 4361 1235 4408 al
1259 4359 1369 4421 singula,
1396 4372 1451 4422 quau
1482 4359 1555 4409 veluti
1583 4358 1683 4408 tulmine

895 4471 908 4495 α
926 4454 990 4501 tacta
999 4462 1111 4514 perpessa
1123 4452 1172 4510 cst3
1183 4460 1289 4511 quorum
1301 4448 1411 4497 omnium
1419 4450 1445 4497 ct
1455 4446 1560 4496 maxime
1569 4445 1681 4506 obiurga·

896 4560 908 4584 ι
924 4539 995 4590 tlouls
1015 4541 1080 4599 tuce,
1103 4551 1160 4601 quea
1181 4536 1304 4587 silentium
1326 4537 1469 4600 imperarit,
1491 4537 1566 4584 testor
1586 4546 1681 4583 sacrum

895 4646 908 4669 ι
925 4638 1007 4676 nucum
1025 4624 1200 4687 ministerium,
1223 4637 1263 4674 mo
1284 4624 1397 4688 pudebat.
1435 4626 1554 4681 Quartum
1575 4620 1681 4670 bibimus

895 4736 908 4759 ι
924 4715 978 4766 lori
992 4715 1127 4777 seruatori,
1142 4728 1272 4778 rursusqua
1285 4714 1401 4778 llysminc
1414 4712 1514 4775 digitum
1525 4724 1606 4761 meum
1617 4721 1681 4772 pros·

894 4826 906 4849 ι
923 4806 964 4856 sit.
998 4810 1075 4868 lique
1087 4805 1140 4855 lraec
1149 4808 1216 4866 sunt,
1227 4819 1283 4868 quae
1299 4807 1325 4855 in
1338 4804 1450 4854 convivio
1465 4805 1611 4862 evenerunt3
1625 4813 1681 4864 qum

893 4916 906 4940 ι
923 4908 982 4946 uero
994 4895 1058 4944 circu
1076 4894 1211 4945 lectulum?
1230 4895 1348 4957 llysmine
1363 4892 1435 4956 pedes
1449 4905 1517 4941 meos
1530 4891 1598 4953 lavit,
1611 4902 1679 4940 com-

893 5002 906 5026 ·
922 4983 994 5046 plexa
1003 4985 1048 5045 ost,
1060 4982 1150 5046 digitos
1163 4981 1262 5044 pressit,
1276 4980 1414 5042 luminaque
1423 4977 1520 5040 ingessit
1527 4976 1617 5038 oscula,
1628 4980 1679 5026 tan·

892 5088 905 5114 ι
923 5072 979 5122 dom
990 5070 1078 5134 pedum
1090 5070 1171 5121 solum
1183 5069 1306 5133 unguibus
1319 5065 1508 5131 leuitercsrpsit,
1517 5065 1588 5128 unda,
1597 5068 1624 5114 ut
1638 5076 1680 5114 au»

892 5183 905 5206 «
923 5162 993 5224 distl,
1008 5163 1032 5212 ln
1047 5162 1123 5213 risum
1138 5161 1215 5224 erupi.
1230 5191 1260 5204 -
1272 5162 1294 5211 0
1305 5160 1330 5211 te
1342 5158 1449 5217 felicem,
1462 5156 1607 5207 exclamarit
1619 5157 1679 5205 cra·
