3726 5692
777 327 957 386 EROTICA.

59 466 125 507 sum
141 449 263 527 plenus,
285 453 442 527 Apolloni,
459 467 486 510 et
500 455 579 531 quod
594 456 655 513 lilia
676 476 740 514 mea
754 459 845 535 cupit,

1623 345 1676 394 617

893 458 1055 515 Antiochiae
1081 460 1239 536 Apollonio
1260 475 1455 521 reservantur.
1480 464 1677 541 Apollonius,

60 569 123 607 mea
138 551 273 609 voluntas
288 565 341 609 est.
356 552 391 609 Et
405 555 564 629 respiciens
579 554 614 611 ad
631 554 754 631 juvenes
769 555 846 626 illos,
893 554 939 613 his
952 556 1076 627 auditis,
1089 557 1196 631 gaudio
1210 559 1332 634 plenus,
1348 560 1508 636 respiciens
1523 563 1678 639 conjugem

60 647 101 704 ait
120 669 127 703 ι
144 646 228 705 Certe
243 648 305 706 dixi
319 649 404 707 robis
421 650 499 726 quod
512 653 527 682 ⁴*
548 671 608 709 non
629 665 696 730 apto
717 666 848 731 tempore
893 670 996 722 suam,
1012 652 1053 708 ait
1071 673 1077 707 z
1092 653 1177 720 Quod
1191 653 1349 729 aliquando
1364 655 1504 730 naufrago
1515 657 1677 730 credidisti,

60 744 282 823 interpellastis.
298 745 354 803 Sed
369 767 434 804 cum
451 761 564 827 tempus
578 749 709 808 nubendi
725 751 848 810 advene·

32 857 46 896 s
61 843 99 898 rit
112 841 181 898 filiae
191 860 261 899 meae
272 883 281 912 ,
293 842 403 899 mittam
416 843 450 900 ad
466 865 535 916 vos;
554 859 581 903 et
596 846 707 904 dimisit
717 867 767 905 eos
778 866 845 908 ase.

60 937 128 1016 lpse
150 937 370 1016 apprehendens
385 941 535 1019 Apollonii
555 962 691 1019 manum,
707 964 766 1001 non
785 945 846 1021 jam

60 1047 93 1092 ut
115 1035 253 1112 hospitis,
275 1034 326 1094 sed
347 1049 381 1094 ut
396 1038 515 1111 generi,
533 1038 670 1098 introivit
680 1040 712 1098 in
727 1040 845 1099 domum

62 1131 181 1205 reginae.

329 1267 424 1332 CAP.
459 1267 568 1333 XXll.

25 1430 52 1469 ro
103 1409 150 1485 Et,
159 1411 261 1469 relicto
271 1411 441 1490 Apollonio,
452 1412 542 1469 intrat
553 1431 605 1470 rex
616 1412 696 1472 solus
707 1413 744 1472 ad
756 1416 846 1474 filiam

62 1524 162 1579 suam,
178 1520 206 1565 et
220 1508 262 1565 ait
277 1526 285 1567 ι
299 1506 372 1565 Nata
391 1507 501 1579 dulcis,
522 1526 608 1585 quern
624 1507 680 1567 tibi
694 1511 846 1589 conjugem

61 1608 193 1683 elegisti?
208 1608 310 1666 Puella
333 1628 404 1666 vero
425 1609 585 1686 prostravit
603 1628 634 1667 se
656 1610 780 1689 pedibus
801 1615 847 1673 sui

61 1705 174 1783 patris,
187 1717 215 1762 et
225 1705 264 1762 ait
282 1727 288 1762 :
307 1705 393 1763 Pater
405 1705 553 1783 piissime,
567 1707 638 1783 quia
651 1708 735 1786 cupis
747 1708 848 1769 audire

893 747 980 804 modo
994 747 1179 825 comprobas.
1198 750 1269 807 Peto
1284 751 1393 827 itaque,
1408 752 1495 810 chara
1510 753 1634 831 conjux,
1648 768 1680 813 ut

892 847 1044 923 permittas
1052 864 1099 902 me
1110 846 1145 903 ad
1158 849 1509 927 regnumpercipiendum
1519 850 1676 914 ambulare.
1692 880 1705 917 a

893 943 1014 1017 Puella,
1031 957 1064 1002 ut
1075 944 1205 1016 audivit,
1218 947 1347 1024 profusis
1359 948 1509 1026 lacrymis,
1524 950 1564 1006 ait
1581 971 1587 1005 :
1604 949 1679 1007 llare

893 1041 1018 1118 conjux,
1039 1043 1114 1101 siin
1141 1044 1229 1119 longo
1255 1045 1362 1103 itinere
1383 1065 1476 1119 esses,
1501 1047 1537 1104 ad
1563 1060 1678 1125 partum

892 1159 988 1198 meum
1001 1141 1138 1199 festinare
1157 1139 1313 1202 debueras.
1328 1142 1411 1202 Nunc
1424 1157 1539 1216 autem,
1556 1165 1621 1203 cnm
1638 1146 1679 1204 sis

892 1256 1030 1314 praesens,
1041 1237 1174 1316 disponis
1186 1258 1232 1297 me
1246 1239 1469 1317 derelinquere?
1479 1241 1535 1299 Sed
1547 1243 1572 1300 si
1581 1242 1677 1318 jubes,

893 1337 1005 1413 pariter
1019 1337 1197 1411 navigemus.
1211 1337 1247 1395 Et
1260 1339 1396 1416 pervenit
1407 1339 1443 1396 ad
1458 1354 1568 1417 patrem
1583 1360 1678 1416 suum,

892 1444 921 1489 et
932 1433 973 1490 ait
989 1453 997 1489 ε
1014 1431 1108 1490 Chare
1123 1433 1248 1511 genitor,
1262 1434 1359 1492 laetarc
1372 1448 1400 1491 et
1410 1436 1514 1509 gaude.
1528 1436 1589 1493 Rex
1600 1437 1678 1493 enim

892 1530 1054 1590 Antiochus
1067 1532 1168 1609 periit.
1182 1532 1257 1589 Dum
1272 1532 1351 1590 enim
1364 1533 1524 1591 concubuit
1537 1554 1601 1590 cum
1618 1534 1679 1591 lilia

894 1648 965 1707 sua,
986 1629 1064 1688 Deus
1085 1631 1230 1707 percussit
1246 1648 1312 1687 eum
1336 1630 1467 1691 fulmine.
1486 1631 1563 1710 Opes
1578 1645 1673 1689 autem

893 1728 977 1802 regni
988 1740 1016 1786 et
1032 1727 1166 1787 diadema
1180 1726 1299 1804 conjugi
1314 1747 1378 1786 meo
1394 1742 1593 1788 reservantur.
1609 1728 1677 1787 Pcr-

60 1801 241 1861 dffilderfilffl
257 1804 325 1861 filiae
338 1817 410 1876 1¹¹²,
427 1823 492 1862 ³¹1¹⁰
504 1804 717 1881 mumdum&
732 1806 849 1867 s⁰rl¹¹¹¹³
893 1823 975 1881 mitte
995 1843 1066 1901 ergo
1083 1837 1115 1883 ut
1127 1824 1261 1900 navigem
1277 1844 1342 1884 cum
1358 1844 1413 1897 eo,
1433 1838 1462 1883 et
1480 1825 1618 1884 libentius
1633 1844 1678 1883 me
1694 1838 1718 1877 1⁵

25 1897 230 1976 indeceptum3
258 1901 308 1957 sed
328 1919 365 1958 ne
387 1900 522 1978 pietatem
552 1913 630 1958 tuam
658 1900 848 1978 ambiguitate

61 2015 230 2056 sermonum
272 1996 441 2071 detineam,
475 1997 599 2076 Tyrium
635 2015 844 2080 praeceptorem

62 2110 180 2163 meum;
199 2093 246 2151 cui
261 2093 286 2151 si
302 2113 421 2152 menon
439 2094 615 2171 tradideris,
635 2096 738 2173 perdes
758 2098 845 2157 liliam

893 1921 1044 1999 permittas
1067 1944 1073 1978 :
1092 1940 1180 1980 unam
1195 1921 1336 1999 dimittis,
1352 1924 1477 2002 recipies
1489 1922 1572 1983 duas.

1162 2106 1257 2171 CAP.
1288 2105 1409 2172 XXIV.

62 2200 153 2246 tuam.
166 2187 227 2246 llex
237 2207 317 2261 vero,
331 2189 399 2248 liliae
410 2208 471 2248 suae
482 2190 625 2267 lacrymas
635 2193 779 2252 sustinere
788 2213 848 2252 non
889 2184 895 2194 ’

62 2285 181 2357 valens,
199 2298 294 2345 motus
307 2287 481 2364 pietate,ait
496 2288 606 2347 adeam
626 2311 633 2346 ε
649 2289 722 2369 Fgo,
740 2291 846 2352 dulcis·

25 2382 137 2441 ausima
154 2382 230 2453 lilia,
247 2384 371 2442 amando
387 2384 478 2444 lactus
494 2405 558 2444 sum
575 2400 666 2466 pater.
681 2389 765 2447 Diem
777 2409 848 2466 ergo

62 2464 232 2559 nuptiarum
247 2482 311 2540 sine
324 2502 406 2540 mora
421 2495 553 2543 statuam.
570 2483 691 2544 Postera
701 2506 771 2544 vero
783 2487 846 2559 die,

63 2578 180 2637 vocavit
192 2580 301 2638 amicos
320 2579 437 2639 urbium
453 2583 615 2640 vicinarum
631 2583 751 2642 ditionis
764 2586 848 2660 regni

61 2675 125 2744 sui,
153 2687 182 2732 et
210 2688 357 2753 potentes,
381 2676 489 2753 quibus
510 2678 751 2738 convenientibus
774 2681 815 2738 ait
839 2702 846 2738 :

60 2771 178 2843 Amici,
200 2792 291 2851 quare
306 2793 361 2832 vos
374 2775 541 2832 vocaverim
564 2776 593 2833 in
614 2797 720 2847 unum,
733 2777 845 2836 discite.

19 2878 48 2920 as
60 2866 168 2927 Sciatis
179 2869 269 2927 liliam
282 2888 373 2927 meam
389 2870 466 2927 velle
478 2870 590 2928 nubere
603 2871 760 2950 Apollonio
775 2893 848 2951 pra·-

61 2964 175 3042 ceptori
189 2984 254 3023 suo.
270 2965 341 3023 Peto
360 2966 458 3043 itaque
476 2979 509 3022 ut
523 2967 655 3024 omnium
675 2967 776 3025 laetitia
793 2972 847 3042 sit,

60 3061 144 3138 quod
160 3062 224 3121 filia
237 3082 301 3120 mea
320 3063 418 3121 virum
440 3064 613 3141 prudentem
633 3068 736 3123 sortita
747 3077 800 3124 est.
815 3065 850 3124 Et

60 3155 124 3216 baec
135 3157 247 3230 dicens,
261 3159 337 3216 diem
351 3159 519 3237 nuptiarum
531 3158 644 3217 indicit.
654 3158 850 3219 Numerantur

59 3250 144 3326 dies3
161 3255 300 3312 convivia
312 3255 429 3332 prolixa
441 3254 612 3326 tenduntur,
627 3268 656 3313 et
667 3256 850 3315 celebrantur

19 3350 173 3428 aonuptiae
192 3370 279 3427 regiae
299 3351 463 3427 dignitatis.
481 3350 586 3428 lugens
613 3353 689 3411 inter
710 3354 849 3431 conjuges

58 3466 145 3507 amor
154 3449 226 3507 vivo
236 3450 340 3509 aflectu
350 3473 359 3522 ;
371 3449 611 3528 incomparabilis
623 3450 753 3521 dileetio,
764 3453 849 3512 inau-

58 3542 123 3602 dita
141 3544 250 3603 laetitia.

328 3664 423 3730 CAP.
450 3663 576 3730 XXlll.

102 3806 288 3887 Interpositis
303 3821 397 3867 autem
413 3807 517 3868 dicbus
531 3822 560 3868 et
571 3807 737 3882 mensibus,
753 3810 851 3888 puella

10 3923 130 3967 uacum
156 3903 277 3964 baberet
303 3906 499 3965 ventriculum
527 3906 743 3984 deformatum,
767 3921 849 3967 sexto

61 4020 175 4076 meuse,
183 4003 285 4061 aestivo
294 4016 434 4082 tempore,
446 4003 515 4061 dum
524 4004 686 4082 spatiantur
696 4004 727 4062 in
738 4002 848 4077 littore,

61 4096 166 4156 vident
180 4117 284 4157 navem
309 4099 568 4178 speciosissimam,
589 4114 617 4159 et
639 4100 708 4159 dum
723 4119 786 4159 eam
800 4103 852 4159 nri·

63 4208 180 4270 rantur,
194 4196 322 4257 laudant.
334 4198 463 4273 Agnovit
473 4217 535 4256 eam
551 4199 726 4276 Apollonius
741 4198 851 4258 essedo

61 4291 162 4371 patria
176 4310 247 4364 sua;
267 4305 296 4350 et
310 4290 471 4351 conversus
484 4294 520 4353 ad
533 4293 775 4369 gubernatorem,
789 4296 848 4354 ait:

10 4387 120 4447 wbic
133 4388 221 4462 milri,
240 4390 266 4448 si
280 4390 382 4466 vales,
397 4390 477 4448 unde
496 4392 609 4451 venias.
625 4390 660 4449 Et
674 4391 851 4468 gubernator

63 4484 105 4544 ait
127 4485 241 4565 :Tyro
260 4487 437 4566 Apollonius
459 4489 522 4548 ait:
538 4489 666 4547 l‘atriam
688 4508 780 4547 meam
798 4510 851 4549 no·

24 4614 29 4619 ·
63 4583 194 4644 minuati.
213 4582 400 4642 Gubernator
420 4585 462 4642 ait
486 4603 493 4643 :
519 4584 596 4661 Ergo
620 4583 730 4663 Tyrius
750 4603 782 4643 es
803 4587 852 4644 tu?

64 4677 242 4759 Apollonius
260 4679 328 4737 ait:
352 4676 400 4736 Tu
422 4677 535 4736 dixisti.
565 4676 751 4738 Gubernator
772 4679 813 4737 ait
841 4698 849 4739 t

64 4773 198 4833 Noveras
211 4773 339 4851 aliquem
356 4773 522 4852 principem
538 4774 619 4833 illius
634 4775 753 4853 patriae?
766 4774 854 4854 Apol·

10 4870 49 4911 Β
67 4870 164 4929 lonius
187 4870 253 4945 ait3
281 4868 442 4939 Quemdam
466 4869 639 4947 meipsum.
667 4868 853 4929 Gubernator

68 4967 131 5025 ait:
155 4965 258 5025 Sicubi
284 4965 366 5024 illum
381 4965 510 5036 videris,
528 4966 576 5024 dic
597 4966 642 5025 illi
662 4987 669 5025 :
696 4966 805 5025 Laetare
825 4981 854 5026 et

68 5064 169 5139 gaude.
187 5063 249 5122 llex
263 5063 341 5122 enim
359 5062 533 5137 Antiochus,
547 5064 670 5123 fulmine
682 5083 851 5143 percussus,

69 5163 138 5223 usit
154 5184 219 5222 cum
235 5164 296 5222 lilia
315 5183 376 5223 sua.
388 5164 465 5242 Opes
479 5164 570 5240 igitur
582 5164 669 5241 regiae
682 5178 710 5223 et
731 5184 852 5241 regnum

935 2262 996 2320 llex
1007 2262 1186 2321 exhilaratus
1192 2261 1281 2339 jussit
1291 2280 1394 2320 navem
1408 2262 1533 2339 produci
1544 2263 1574 2320 in
1585 2262 1676 2332 littus,

892 2373 921 2418 et
942 2358 1080 2418 omnibus
1099 2359 1187 2418 bonis
1208 2359 1338 2436 impleri.
1363 2360 1506 2419 Praeterea
1536 2360 1678 2418 nutricem

892 2455 969 2533 ejus,
985 2455 1159 2534 Lycoridem
1177 2459 1309 2526 nomine,
1326 2468 1355 2512 et
1365 2454 1549 2515 obstetricem
1562 2457 1679 2534 peritis·
1693 2469 1720 2509 to

893 2555 1014 2627 simam,
1035 2566 1156 2632 propter
1182 2565 1298 2630 parturn
1321 2552 1407 2629 ejus,
1433 2553 1519 2611 simul
1544 2557 1681 2629 navigare

893 2651 1040 2730 praecepit.
1055 2649 1110 2723 Et,
1125 2650 1192 2708 data
1213 2651 1425 2729 prosector-iv,
1440 2651 1563 2709 deduxit
1577 2670 1627 2710 eos
1642 2651 1678 2709 ad

894 2749 992 2819 littus,
1009 2745 1154 2804 osculatus
1170 2759 1213 2804 est
1238 2747 1327 2823 liliam
1343 2758 1371 2802 et
1385 2764 1541 2820 generum,
1559 2759 1587 2803 et
1608 2765 1677 2804 ven-

895 2856 955 2901 tum
980 2860 1153 2920 prosperum
1169 2839 1297 2917 optabat.
1321 2838 1356 2895 Et
1370 2840 1560 2897 ascenderunt
1575 2860 1677 2898 navem

894 2959 958 2997 cum
983 2937 1074 2995 multa
1093 2936 1221 3004 familia,
1244 2935 1395 3012 multoque
1418 2950 1567 3013 apparatu.
1584 2935 1676 2994 Vento
1693 2948 1718 2986 Ἢ»

894 3037 993 3113 itaque
1008 3034 1115 3106 flante,
1132 3053 1163 3093 se
1182 3035 1391 3091 commiserunt
1406 3033 1464 3090 alto
1483 3033 1597 3110 pelago.
1620 3033 1677 3103 Qui

893 3136 975 3210 dum,
988 3154 1041 3214 per
1055 3134 1168 3211 aliquot
1186 3133 1269 3205 dies,
1284 3133 1377 3191 variis
1389 3146 1544 3191 ventorum
1561 3132 1679 3192 llatibus

891 3230 1050 3308 jactantur,
1075 3229 1197 3307 septima
1218 3228 1404 3304 contingente
1422 3228 1504 3299 luce,
1531 3229 1618 3286 enixa
1637 3243 1680 3288 est

894 3329 1006 3407 puella,
1028 3347 1106 3385 saero
1123 3346 1174 3384 ore
1194 3339 1348 3385 ventorum
1371 3326 1503 3383 dantium
1527 3326 1679 3402 congelato

893 3424 1050 3501 sanguine,
1066 3423 1261 3499 conclusoque
1277 3422 1401 3500 spiritu,
1419 3421 1562 3480 defuncta
1573 3441 1679 3501 repra·
1692 3442 1718 3478 a·

894 3533 1010 3580 sentans
1037 3520 1175 3596 effigiem.
1208 3517 1313 3577 Subito
1344 3518 1519 3576 exclamavit
1547 3518 1674 3595 familia3
1748 3562 1755 3573 ,

894 3619 1023 3677 cucurrit
1048 3617 1239 3696 Apollonius,
1265 3629 1294 3674 et
1316 3615 1393 3674 vidit
1418 3614 1573 3692 conjugem
1598 3636 1678 3674 suam

894 3714 1056 3773 exanimem
1069 3713 1224 3791 jacentem.
1242 3712 1357 3772 Scindit
1380 3733 1396 3770 a
1419 3726 1536 3791 pectore
1552 3725 1678 3786 vestem;

894 3810 1043 3887 unguibus
1059 3811 1172 3888 primas
1193 3809 1394 3868 adolescentiae
1416 3829 1503 3886 genas
1518 3809 1674 3888 discerpit,

895 3921 924 3967 et
937 3908 1081 3984 lacrymas
1097 3905 1207 3979 fundit,
1219 3905 1333 3983 jactans
1346 3925 1377 3964 se
1387 3924 1475 3983 super
1489 3919 1576 3983 caput
1589 3904 1673 3982 ejus,
1693 3919 1720 3957 as

896 4017 925 4063 et
939 4003 1000 4061 ait:
1017 4001 1112 4059 Chara
1123 4000 1252 4078 conjux,
1267 4014 1296 4059 et
1307 4000 1482 4059 Archistrati
1497 4002 1575 4076 regis
1591 4002 1679 4060 unica

897 4100 975 4172 lilia,
992 4099 1063 4177 quid
1076 4098 1170 4157 dicam
1186 4098 1248 4173 regi
1261 4099 1338 4177 patri
1351 4111 1416 4169 tuo,
1432 4099 1482 4176 qui
1498 4119 1544 4157 me
1560 4100 1680 4158 naufra-

895 4215 963 4272 gum
978 4195 1123 4273 suscepit?
1136 4213 1201 4253 cum
1211 4193 1274 4251 haec
1287 4206 1316 4251 et
1327 4193 1436 4252 similia
1447 4193 1566 4271 diceret,
1577 4195 1680 4252 introi·

895 4293 939 4350 vit
947 4291 982 4350 ad
990 4310 1055 4350 eum
1068 4289 1256 4366 guberuator,
1268 4301 1297 4347 et
1306 4289 1347 4348 ait
1359 4312 1366 4349 ε
1377 4289 1512 4358 Domine,
1520 4303 1551 4346 tu
1560 4288 1678 4366 quidem
1734 4343 1736 4346 .

897 4388 946 4467 pie
963 4374 1052 4459 facis,
1065 4385 1115 4445 sed
1134 4386 1218 4444 navis
1238 4397 1385 4443 mortuum
1399 4403 1457 4442 nou
1473 4383 1586 4442 sullert.
1604 4383 1681 4443 Jube
1694 4394 1722 4434 ⁴⁰

896 4503 1081 4563 ergomrpus
1093 4484 1125 4542 in
1137 4484 1272 4561 pelagum
1284 4481 1370 4540 mitti.
1379 4480 1554 4559 Apollonius
1569 4480 1621 4551 ait,
1634 4481 1680 4538 in·

897 4582 1033 4658 dignatus
1059 4601 1066 4640 :
1093 4579 1169 4650 Quid
1195 4598 1314 4650 narras,
1337 4578 1463 4657 pessime
1486 4576 1594 4634 homo?
1620 4576 1682 4635 lloc

899 4680 984 4739 robis
999 4679 1102 4759 placet,
1112 4690 1146 4736 ut
1158 4697 1266 4755 corpus
1278 4674 1356 4735 istud
1366 4676 1396 4733 in
1409 4674 1543 4750 pelagum
1558 4672 1680 4746 mittam,

899 4776 979 4856 quod
1003 4796 1049 4834 me
1073 4776 1201 4854 suscepit
1222 4774 1394 4849 naufragum
1420 4784 1448 4830 et
1474 4770 1682 4850 peregrinum?

899 4874 978 4933 lntcr
993 4873 1053 4931 baec
1065 4874 1182 4931 vocavit
1196 4871 1295 4930 fabros
1310 4871 1439 4943 navales,
1451 4882 1480 4927 ct
1490 4868 1575 4948 jubet
1588 4870 1683 4948 aptari
1699 4874 1724 4914 *ὅ

900 4969 1029 5042 tabulas,
1045 4983 1073 5028 et
1087 4969 1149 5028 fieri
1167 4969 1294 5027 loculum
1306 4967 1519 5046 amplissimum
1529 5011 1537 5040 ,
1549 4968 1656 5026 chartis
1666 4970 1681 5000 ⁴¹

899 5065 1046 5144 plumbeis
1060 5064 1235 5124 circumdari
1248 5063 1403 5137 foramina,
1415 5076 1443 5123 ct
1454 5063 1544 5122 rimas
1556 5063 1682 5141 diligen·

903 5178 947 5224 ter
963 5163 1056 5243 picari
1072 5162 1220 5242 praecepit.
1235 5161 1301 5234 Quo
1317 5163 1410 5238 lacto,
1427 5162 1576 5242 regalibus
1590 5181 1683 5222 orna-
