3726 5692
785 337 964 398 nilotici.

59 469 133 526 velis
149 489 194 527 me
215 469 270 530 sub
287 471 341 528 hoc
361 473 441 546 turpi
467 473 551 529 titulo
575 473 696 532 violare.
721 473 846 532 Contine

59 566 237 645 impudicam
253 567 418 640 libidinem,
433 582 462 625 et
473 588 556 626 casus
569 569 777 627 infelicissimae
788 572 845 628 vir·

59 664 138 738 ginis
153 663 239 737 audi,
261 676 290 720 et
310 664 449 721 natalium
464 683 596 721 meorum
612 664 768 739 originem.
790 665 844 724 Cui

58 779 124 818 cum
140 762 294 818 universos
313 781 396 819 casus
410 780 479 820 suos
493 762 690 840 exposuisset,
708 763 846 823 confusus

32 869 88 914 set
103 846 208 935 pietate
232 856 354 933 plenus,
379 858 490 935 stupuit
510 857 698 915 vehementer
723 871 751 917 et
774 861 842 918 ait:

59 949 147 1026 Erige
159 964 186 1008 te
198 954 261 1009 sine
273 964 366 1023 metu,
384 951 519 1010 homines
531 953 609 1011 enim
621 971 736 1026 sumus;
752 953 845 1013 habeo

57 1058 87 1104 et
101 1065 155 1122 ego
169 1046 258 1103 liliam
276 1046 330 1105 tibi
344 1048 487 1118 similem,
510 1047 547 1105 de
566 1068 624 1125 qua
638 1050 749 1108 similes
763 1069 846 1108 casus

58 1161 179 1223 possum
202 1157 339 1202 metuere.
364 1143 399 1201 Et
417 1144 497 1201 dedit
517 1142 567 1201 lll.
580 1163 684 1203 aureos
707 1145 739 1202 in
759 1165 846 1204 manu

57 1240 201 1318 virginis,
216 1240 317 1299 dicens
338 1262 345 1297 :
370 1240 441 1298 Ecoe
461 1239 565 1312 habes,
583 1242 703 1300 domina
725 1239 844 1314 Tarsia,

18 1356 44 1397 to
58 1338 187 1415 amplius
204 1356 291 1414 quam
310 1338 465 1413 virginitas
480 1349 530 1395 tua
543 1337 656 1396 venalis
677 1338 774 1416 posita
789 1351 842 1400 est.

59 1435 116 1493 Dic
128 1433 354 1493 advenientibus
368 1434 516 1505 similiter,
531 1453 685 1511 quousque
706 1433 843 1496 liberere.

59 1530 178 1603 Puella,
190 1531 327 1607 lacrymis
339 1531 469 1608 profusis
480 1531 521 1589 ait
534 1550 542 1589 ε
556 1531 631 1606 Ago,
645 1531 772 1606 domine,
786 1535 847 1611 pie·

60 1630 112 1687 tati
130 1641 185 1686 tuae
199 1629 325 1704 gratias;
344 1641 372 1686 et
391 1647 463 1702 rogo
480 1647 516 1685 ne
527 1628 638 1687 alicui*
654 1647 754 1687 narres
766 1631 845 1706 quod

59 1742 78 1781 a
89 1743 136 1781 me
154 1723 304 1782 audivisti.
323 1723 518 1798 Antinagoras
539 1724 602 1781 ait:
623 1723 654 1782 st
672 1723 732 1782 haec
746 1743 845 1783 narra·

19 1837 43 1874 ιι
58 1839 143 1892 vero,
158 1819 219 1877 lilia
230 1838 376 1891 inca,cum
389 1819 424 1876 ad
436 1831 514 1876 tuam
525 1823 638 1877 venerit
650 1831 771 1892 aetatem,
784 1841 846 1898 poe·

59 1937 127 1976 nam
140 1917 264 1976 similem
277 1916 414 1994 patiatur.
428 1915 463 1972 Et
475 1936 541 1973 cum
552 1916 690 1993 lacrymis
703 1917 846 1990 discessit,

58 2028 89 2074 et
103 2016 232 2072 occurrit
247 2014 291 2071 illi
309 2013 420 2089 collega
442 2012 524 2090 ejus,
540 2015 592 2091 qui
611 2015 672 2071 ait:
691 2014 845 2084 Quomodo

59 2124 154 2170 tecum
166 2110 283 2168 novicia
291 2111 320 2166 'i’
333 2111 527 2186 ‘Antinagoras
533 2111 574 2168 ait
585 2132 592 2167 t
607 2109 671 2168 Non
682 2125 779 2189 potest
786 2133 845 2170 me·

58 2208 129 2269 lius.
149 2208 220 2266 Cum
237 2227 342 2284 magno
356 2209 447 2284 igitur
460 2195 564 2266 alidctu
580 2229 674 2286 usque
692 2209 728 2268 ad
749 2210 846 2289 lacry-

16 2324 45 2366 ιιι
56 2325 131 2382 mas,
147 2305 318 2366 subsecutus
327 2319 370 2364 cst
382 2325 446 2363 eum
462 2307 673 2384 Antinagoms,
688 2308 725 2365 ad
744 2309 845 2367 viden-

59 2407 131 2467 dum
141 2407 251 2466 exitum
264 2406 318 2465 rei.
333 2404 458 2464 Juvenis
468 2419 499 2463 ut
509 2406 642 2476 intravit,
654 2405 742 2464 solito
751 2426 844 2479 more,

58 2503 158 2582 puella
171 2504 278 2562 ostium
292 2503 405 2562 clausit.
420 2501 475 2559 Cui
483 2500 602 2578 juvenis
614 2502 654 2559 ait
669 2524 675 2559 :
689 2502 721 2560 Si
737 2500 843 2575 valeas,

59 2598 160 2658 indica
172 2599 246 2657 mibi
259 2611 401 2676 quantum
416 2597 529 2657 dederit
540 2596 593 2655 tibi
602 2598 720 2673 juvenis
734 2600 785 2676 qui
796 2599 846 2657 ad-

60 2696 191 2755 intravit.
212 2696 314 2754 Puella
326 2696 387 2753 ait:
404 2693 604 2764 Quaterdenos
623 2715 736 2756 aureos.
753 2696 845 2756 Juve-

17 2824 46 2863 η
60 2794 109 2854 nis
129 2793 199 2851 ait:
225 2790 288 2849 Non
313 2790 396 2849 illum
423 2789 544 2868 puduit,
563 2790 651 2848 homo
675 2791 759 2851 dives
784 2813 845 2852 nou

58 2887 170 2967 grande
185 2888 290 2945 lecerat
307 2887 331 2945 si
346 2885 452 2943 libram
467 2885 532 2944 auri
548 2886 603 2943 tibi
623 2885 759 2945 dedisset.
776 2888 844 2961 Sed,

59 2999 94 3047 ut
106 2986 182 3044 scias
198 3003 294 3042 meum
311 2984 440 3041 animum
455 3000 517 3040 esse
539 2982 708 3055 meliorem,
726 2984 795 3042 tolle
809 2985 846 3043 li·

58 3082 144 3142 bram
165 3083 306 3158 integram
329 3081 404 3138 auri.
425 3080 617 3154 Antinagoras
640 3078 792 3152 audiebat,
818 3095 848 3139 et
888 3077 974 3155 jubet
996 3091 1025 3135 et
1038 3088 1169 3154 acceptas
1188 3095 1253 3133 cum
1276 3075 1377 3132 lavore
1389 3076 1487 3137 solvit.
1511 3076 1556 3134 Fit
1577 3078 1679 3154 ingens
1718 3093 1723 3102 ·

58 3177 176 3238 dicebat
190 3177 273 3247 :Quo
282 3176 349 3255 plus
361 3174 456 3247 dabis,
470 3193 505 3232 eo
514 3173 580 3252 plus
592 3172 734 3252 plorabit.
746 3175 848 3235 Puella

18 3304 46 3346 aa
58 3291 175 3350 autem,
191 3275 315 3353 acceptis
338 3273 450 3345 aureis,
467 3274 627 3351 prostravit
650 3292 681 3330 sc
706 3272 742 3331 ad
758 3275 846 3352 pedes

59 3375 140 3456 ejus3
156 3387 202 3446 et,
218 3373 354 3432 similiter
365 3370 508 3448 expositis
522 3369 638 3428 casibus
653 3370 730 3440 suis,
743 3371 847 3429 conlu-

59 3472 106 3532 dit
113 3471 251 3548 juvenem
266 3481 295 3526 et
306 3468 411 3526 avertit
421 3487 438 3524 a
447 3464 581 3524 libidine.
593 3465 750 3541 Aporiatus
764 3465 846 3525 deni·

59 3588 120 3649 que
137 3569 257 3647 juvenis
271 3566 312 3624 ait
326 3587 333 3621 z
347 3565 450 3623 Alleva
464 3578 508 3634 te,
525 3562 661 3633 domina3
681 3575 709 3620 et
722 3583 776 3622 nos
796 3563 846 3621 ho·

59 3666 156 3726 mines
170 3682 287 3736 sumus,
303 3659 419 3720 casibus
440 3658 632 3736 subjacentes.
649 3657 751 3717 Puella
775 3661 816 3718 ait
838 3683 845 3719 :

26 3764 145 3840 sedgo,
158 3761 292 3834 domine,
308 3759 408 3838 pietati
422 3770 479 3815 tuae
489 3757 611 3833 gratias3
627 3769 655 3813 et
667 3768 734 3833 peto
749 3776 786 3815 ne
800 3758 847 3817 cui

60 3878 164 3920 narres
178 3859 256 3937 quod
271 3857 401 3917 audiisti.
416 3854 451 3914 Et
462 3856 563 3914 exiens
576 3855 652 3913 loras
665 3856 778 3914 invenit
792 3860 848 3915 An·

61 3959 223 4035 tinagoram
241 3956 394 4027 ridentem,
414 3967 443 4011 et
460 3954 501 4012 ait
514 3954 559 4012 illi
582 3975 590 4010 :
615 3952 736 4029 Magnus
760 3953 847 4012 homo

60 4074 109 4127 es;
134 4073 195 4113 non
211 4052 340 4112 habuisti
364 4052 412 4110 cui
427 4053 600 4131 propinares
621 4050 763 4128 lacrymas
784 4064 848 4111 tuas

61 4153 121 4213 nisi
140 4152 235 4211 mihi?
249 4151 284 4209 Et
297 4164 330 4209 ut
343 4151 564 4210 admirationem
578 4149 779 4228 providerent,
807 4163 848 4209 ta-

1620 357 1673 406 621

892 489 949 534 tam
971 480 1163 556 negligentem
1189 502 1234 539 me
1251 501 1331 553 esse,
1352 496 1384 539 ut
1406 484 1530 541 nesciam
1545 483 1678 543 Tarsiam

892 576 1036 650 virginem
1049 579 1129 633 esse?
1142 576 1171 634 Si
1185 597 1255 652 ergo
1264 578 1350 653 virgo
1361 590 1470 636 tantum
1482 582 1576 650 allert,
1590 600 1679 657 quan·

891 681 952 725 tum
973 668 1054 727 dabit
1076 671 1195 728 mulier!
1214 670 1278 729 Duc
1291 691 1361 747 ergo
1376 692 1439 729 eam
1455 674 1486 730 in
1508 673 1678 732 cubiculum

891 777 971 821 tuum
982 809 990 840 ,
1003 777 1032 822 et
1046 785 1149 844 rumpe
1162 765 1270 824 nodum
1285 768 1467 843 virginitatis
1481 767 1588 845 ipsius.
1605 770 1678 827 Cum

890 880 952 918 eam
968 862 1000 918 in
1012 860 1181 921 cubiculum
1195 882 1279 922 suum
1295 864 1413 923 villicus
1425 864 1572 936 duxisset,
1588 866 1627 923 ait
1640 865 1676 924 ad
1691 887 1704 923 s

890 976 974 1018 eam:
992 958 1047 1016 Dic
1061 959 1150 1032 mibi,
1170 960 1264 1019 adhuc
1282 962 1367 1036 virgo
1383 962 1432 1018 es?
1453 959 1556 1018 Tarsia
1579 961 1677 1020 dixit:

890 1055 1036 1125 Quamdiu
1058 1058 1137 1116 Deus
1154 1058 1234 1130 vult,
1256 1059 1342 1134 virgo
1365 1078 1440 1116 sum.
1463 1057 1585 1116 Villicus
1607 1061 1648 1117 ait
1670 1081 1677 1116 :

892 1148 975 1208 Unde
989 1170 1059 1227 ergo
1080 1163 1188 1209 tautam
1204 1151 1374 1229 pecuniam,
1391 1151 1455 1210 istis
1470 1150 1589 1222 diebus,
1605 1165 1679 1210 attu-

892 1247 972 1304 listi?
991 1247 1092 1306 Puella
1111 1249 1273 1327 prostravit
1287 1267 1317 1307 se
1340 1246 1465 1327 pedibus
1484 1247 1548 1324 ejus
1567 1260 1595 1305 et
1609 1250 1650 1307 ait
1670 1272 1678 1307 ι

891 1343 1033 1415 Domine,
1058 1342 1183 1402 subveni
1204 1345 1345 1422 captivae,
1361 1343 1439 1419 regis
1454 1344 1537 1416 liliae3
1555 1362 1591 1401 ne
1606 1345 1679 1404 velis
1696 1378 1720 1416 ω

892 1459 938 1498 me
951 1440 1074 1501 violare.
1099 1440 1213 1499 Etcum
1228 1441 1256 1499 ei
1271 1460 1354 1500 casus
1373 1460 1441 1501 suos
1459 1461 1561 1499 omnes
1584 1461 1680 1521 expo-

891 1549 988 1607 neret,
1006 1549 1102 1594 motus
1121 1536 1338 1608 misericordia,
1352 1537 1427 1595 dixit
1443 1558 1449 1593 :
1466 1535 1559 1595 Nimis
1574 1557 1680 1598 avarus

890 1645 934 1690 est
951 1632 1033 1704 leno;
1053 1632 1152 1708 itaque
1175 1632 1275 1690 nescio
1296 1651 1333 1690 an
1348 1632 1445 1710 possis
1459 1633 1500 1690 ita
1513 1634 1598 1709 virgo
1613 1652 1680 1710 per·

890 1748 1033 1791 severare.
1046 1730 1149 1788 Puella
1162 1731 1204 1788 ait
1219 1751 1225 1786 :
1242 1729 1325 1788 Dabo
1339 1749 1429 1808 opcra
1445 1730 1550 1789 studiis
1571 1729 1677 1789 libera-

891 1824 969 1884 libus
987 1825 1125 1903 eruditae,
1149 1826 1287 1885 similiter
1304 1838 1333 1882 et
1353 1825 1424 1903 lyrae
1438 1826 1555 1904 pulsum
1575 1826 1678 1885 modu·
1697 1855 1719 1892 rs

890 1919 987 1979 lautis.
1010 1921 1088 1979 Jube
1101 1940 1171 1997 ergo
1186 1921 1314 1979 crastina
1330 1921 1377 1978 die
1401 1923 1433 1978 in
1452 1922 1595 1999 frequenti
1614 1923 1678 1981 loco

890 2035 1009 2075 scamna
1026 2015 1163 2095 disponi,
1188 2030 1217 2074 et
1235 2015 1371 2074 facundia
1393 2016 1453 2075 oris
1468 2018 1540 2093 mei,
1565 2019 1678 2096 populo

891 2111 1038 2186 merebor,
1050 2125 1078 2170 et
1089 2129 1173 2172 casus
1180 2129 1280 2169 omnes
1291 2129 1370 2169 meos
1381 2130 1538 2189 exponam,
1551 2125 1580 2170 et
1590 2132 1677 2190 quos·

889 2228 1014 2287 cumque
1026 2209 1118 2268 nodos
1137 2208 1309 2286 quaestionis
1322 2210 1526 2286 proposuerit,
1541 2209 1666 2279 solvam,

890 2316 919 2361 et
931 2303 984 2362 hac
1001 2318 1062 2362 arte
1076 2302 1224 2382 ampliabo
1239 2304 1404 2381 pecuniam.
1417 2303 1502 2373 Quod
1517 2325 1582 2363 cum
1594 2305 1676 2363 lecis-
1695 2327 1720 2366 m

890 2412 933 2458 set
957 2401 1090 2470 villicus,
1117 2399 1213 2457 omnis
1231 2412 1299 2456 aetas
1326 2399 1430 2477 populi
1454 2400 1490 2457 ad
1519 2399 1678 2459 videndum

890 2515 952 2555 eam
966 2509 1166 2556 cucurrerunt.

1158 2647 1251 2714 Cae.
1279 2650 1406 2716 XXXl.

931 2790 1033 2848 Puella
1046 2809 1119 2848 vero
1133 2802 1164 2847 ut
1178 2790 1253 2849 vidit
1267 2791 1414 2864 ingentem
1428 2790 1568 2868 populum
1581 2792 1679 2868 ingre-

891 2886 1035 2961 dientem,
1055 2886 1188 2944 lacundia
1205 2888 1265 2943 oris
1281 2887 1327 2942 sui
1346 2886 1569 2964 studiorumque
1583 2888 1709 2946 abun-2⁵

891 2983 991 3041 dantia
1004 2994 1033 3040 et
1047 2981 1133 3057 genio
1147 2981 1272 3052 confisa,
1289 2981 1465 3057 quaestiones
1480 2980 1537 3039 sibi
1550 2986 1678 3060 proponi

892 3175 1018 3246 clamor3
1039 3184 1067 3230 et
1081 3185 1180 3231 tantus
1201 3171 1279 3229 circa
1301 3190 1365 3228 eam
1385 3171 1496 3229 civium
1519 3192 1678 3233 concursus

892 3270 1039 3340 excrevit,
1055 3281 1086 3326 ut
1106 3267 1165 3325 viri
1187 3286 1220 3325 ac
1244 3267 1358 3325 feminac
1378 3266 1511 3343 quotidie
1529 3268 1675 3327 infinitam

892 3367 1044 3446 pecuniam
1059 3366 1234 3424 consecrent.
1255 3364 1449 3440 Antinagoras
1465 3377 1573 3436 autem,
1597 3367 1678 3444 prin.
1692 3375 1719 3416 ao

894 3485 961 3544 ceps
976 3465 1121 3536 civitatis,
1138 3482 1249 3522 memor
1263 3462 1458 3538 integerrimae
1471 3462 1535 3538 ejus
1551 3462 1679 3540 virgini-

893 3561 976 3633 tatis,
992 3560 1133 3638 diligebat
1143 3579 1206 3618 eam
1221 3557 1298 3616 haud
1314 3577 1396 3615 secus
1409 3576 1443 3615 ac
1456 3559 1573 3616 unicam
1589 3558 1679 3617 liliam

893 3677 990 3730 suam,
1004 3657 1045 3715 ita
1058 3670 1091 3714 ut
1105 3656 1206 3714 villico
1218 3654 1263 3713 illi
1283 3652 1372 3711 multa
1383 3653 1516 3714 donaret.
1531 3653 1565 3711 Et
1582 3656 1680 3732 quoti-

893 3753 941 3811 die
955 3753 1056 3828 virgo,
1085 3752 1124 3810 ob
1147 3750 1378 3809 misericordiam
1402 3749 1522 3828 populi,
1547 3769 1677 3826 magnam

894 3846 1033 3906 asserebat
1044 3847 1197 3924 pecuniam
1213 3846 1245 3903 in
1259 3845 1355 3911 sinum
1371 3845 1497 3910 lenonis.
1698 3874 1723 3914 η

1063 4000 1076 4028 ’
1152 3989 1246 4056 CAP.
1275 3991 1418 4057 xxxii.

935 4137 1013 4196 lnter
1028 4137 1089 4196 baec
1121 4136 1296 4215 Apollonius
1310 4137 1391 4195 venit
1401 4133 1546 4206 Tarsum,
1566 4134 1614 4193 XV
1629 4155 1678 4194 an·

19 4269 50 4311 eo
62 4260 160 4308 centes
182 4259 333 4326 coeperunt
352 4247 477 4304 aliorum
497 4248 594 4305 exitus
616 4259 793 4324 exspectare,
814 4246 850 4304 Et
895 4239 941 4295 nis
955 4236 1123 4307 transactis,
1137 4247 1165 4292 et
1174 4248 1277 4314 operto
1290 4236 1399 4313 capite,
1415 4255 1452 4295 ne
1464 4234 1618 4312 aquodam
1632 4234 1680 4290 de·

62 4357 201 4423 tanquam
237 4341 446 4402 insidiantibus
481 4343 542 4400 illis
576 4342 690 4399 occulto
714 4354 847 4419 aspectu,

62 4443 227 4521 omnesqui
239 4439 388 4500 intrabant
401 4438 510 4498 dabant
522 4439 688 4518 pecuniam.
705 4437 739 4495 Et
751 4456 848 4495 rever·

61 4537 238 4599 temlerus
251 4536 365 4597 dicebar
375 4535 473 4595 lenoni
487 4557 495 4596 ι
509 4533 582 4594 Ecce
592 4533 770 4611 virginitatis
780 4551 849 4592 meae

896 4335 999 4393 formis
1013 4333 1203 4411 aspiceretur.
1216 4331 1250 4389 ln
1265 4331 1383 4389 domum
1393 4331 1532 4411 pergebat
1542 4330 1681 4405 Strongu-

895 4433 994 4494 lionis.
1017 4431 1109 4500 Quem
1124 4443 1157 4489 ut
1168 4431 1246 4489 vidit
1258 4430 1429 4506 Strongulio
1443 4449 1460 4486 a
1478 4426 1593 4504 longe',
1614 4447 1715 4504 per-00

896 4531 971 4590 rexit
985 4528 1070 4608 prior
1089 4527 1276 4606 rapidissimo
1291 4546 1379 4587 cursu
1401 4527 1532 4584 domum.
1550 4522 1585 4579 Et
1608 4521 1682 4581 dixit

63 4639 201 4717 pretium.
226 4637 261 4696 Et
275 4635 370 4696 aiebat
387 4633 454 4694 leno
477 4657 484 4692 ι
507 4634 621 4704 Quanto
645 4645 673 4690 te
688 4631 792 4690 melius
807 4643 851 4690 est
896 4626 1069 4705 Dionysiadi
1088 4625 1175 4684 uxori
1195 4644 1255 4684 suae
1278 4646 1285 4680 ι
1311 4623 1397 4682 Certe
1420 4623 1536 4681 dixeras
1559 4619 1680 4698 Apollo·

15 4752 50 4795 σι
63 4735 189 4796 hilarem
207 4754 270 4795 esse
287 4744 318 4795 et
336 4755 395 4793 non
409 4734 569 4810 lugentem!
595 4732 644 4789 Sic
664 4749 734 4806 ergo
748 4748 800 4806 age
819 4740 852 4808 ut
896 4727 977 4784 nium
993 4722 1164 4798 naufragum
1186 4722 1319 4800 periisse.
1333 4719 1368 4778 Et
1386 4721 1427 4779 alt
1447 4716 1682 4776 :crudelissima

63 4830 201 4888 meliores
211 4829 349 4907 pecunias
364 4842 457 4886 tecum
470 4827 586 4885 allevas.
601 4824 658 4883 Sed
671 4843 737 4883 cum
753 4823 851 4902 puella
897 4839 924 4884 et
955 4823 1081 4902 pessima
1106 4821 1231 4890 mulier,
1254 4838 1320 4878 ecoe
1342 4818 1426 4876 venlt
1447 4813 1621 4894 Apollonius
1645 4811 1681 4870 ad

64 4924 198 5004 quotidie
208 4925 244 4983 de
256 4923 392 5003 lupanari
406 4940 524 4982 reversa
538 4920 667 4978 diceret:
684 4919 758 4978 Ecce
772 4919 851 4997 quod
897 4921 987 4979 liliam
1013 4937 1095 4977 suam
1121 4915 1316 4994 repetendam.
1342 4912 1421 4983 Quid
1450 4911 1580 4969 dicemus
1604 4907 1680 4988 patri
1693 4927 1719 4968 ra

64 5023 161 5102 potuit
174 5023 344 5098 virginitas3
363 5021 420 5081 hoc
434 5019 550 5089 audito,
566 5018 632 5075 leno
644 5018 761 5076 vocavit
773 5018 852 5077 villi-

896 5040 948 5078 suo
968 5017 1004 5076 de
1027 5037 1061 5076 ea
1081 5015 1165 5093 cujus
1181 5034 1235 5072 nos
1249 5014 1356 5071 luimus
1374 5011 1525 5089 parentes?
1538 5007 1682 5067 Scelerata

64 5138 133 5179 cum
147 5118 310 5198 puellarum
331 5117 498 5195 custodem,
518 5126 546 5172 et
560 5115 620 5173 ait:
640 5116 686 5172 Αιι
703 5113 853 5174 existimas
899 5112 1007 5172 mulier
1023 5112 1064 5170 ait
1078 5132 1085 5168 ι
1099 5109 1188 5168 Miser
1202 5104 1478 5185 conjux,conliteor
1491 5100 1682 5182 quod*‚dum
