<?xml version="1.0" encoding="UTF-8"?>
<!DOCTYPE html PUBLIC "-//W3C//DTD XHTML 1.0 Transitional//EN"
    "http://www.w3.org/TR/xhtml1/DTD/xhtml1-transitional.dtd">
<html xmlns="http://www.w3.org/1999/xhtml" xml:lang="en" lang="en">
 <head>
  <title>
</title>
<meta http-equiv="Content-Type" content="text/html;charset=utf-8" />
  <meta name='ocr-system' content='tesseract 3.04.00' />
  <meta name='ocr-capabilities' content='ocr_page ocr_carea ocr_par ocr_line ocrx_word'/>
</head>
<body>
  <div class='ocr_page' id='page_1' title='image "./eroticiscriptor00hirsgoog/eroticiscriptor00hirsgoog_0663.png"; bbox 0 0 3726 5692; ppageno 0'>
   <div class='ocr_carea' id='block_1_1' title="bbox 769 285 950 345">
    <p class='ocr_par' dir='ltr' id='par_1_1' title="bbox 769 285 950 345">
     <span class='ocr_line' id='line_1_1' title="bbox 769 285 950 345; baseline -0.006 -3"><span class='ocrx_word' id='word_1_1' title='bbox 769 285 950 345; x_wconf 67' lang='lat' dir='ltr'><strong>Exortus.</strong></span> 
     </span>
    </p>
   </div>
   <div class='ocr_carea' id='block_1_2' title="bbox 53 410 839 685">
    <p class='ocr_par' dir='ltr' id='par_1_2' title="bbox 53 410 839 685">
     <span class='ocr_line' id='line_1_2' title="bbox 54 410 838 491; baseline 0.003 -21"><span class='ocrx_word' id='word_1_2' title='bbox 54 410 142 470; x_wconf 89' lang='lat' dir='ltr'><strong>batur</strong></span> <span class='ocrx_word' id='word_1_3' title='bbox 158 411 311 471; x_wconf 78' lang='lat' dir='ltr'><strong>attrahere.</strong></span> <span class='ocrx_word' id='word_1_4' title='bbox 329 413 515 491; x_wconf 77' lang='lat' dir='ltr'><strong>Apollonius,</strong></span> <span class='ocrx_word' id='word_1_5' title='bbox 527 414 572 471; x_wconf 89' lang='lat' dir='ltr'><strong>ira</strong></span> <span class='ocrx_word' id='word_1_6' title='bbox 588 434 758 490; x_wconf 83' lang='lat' dir='ltr'><strong>conversus,</strong></span> <span class='ocrx_word' id='word_1_7' title='bbox 775 435 838 472; x_wconf 90' lang='lat' dir='ltr'><strong>sur·</strong></span> 
     </span>
     <span class='ocr_line' id='line_1_3' title="bbox 54 509 839 590; baseline 0.004 -24"><span class='ocrx_word' id='word_1_8' title='bbox 54 509 130 567; x_wconf 91' lang='lat' dir='ltr'><strong>rexit</strong></span> <span class='ocrx_word' id='word_1_9' title='bbox 149 522 177 565; x_wconf 89' lang='lat' dir='ltr'><strong>et</strong></span> <span class='ocrx_word' id='word_1_10' title='bbox 201 509 279 566; x_wconf 91' lang='lat' dir='ltr'><strong>calce</strong></span> <span class='ocrx_word' id='word_1_11' title='bbox 298 530 360 568; x_wconf 89' lang='lat' dir='ltr'><strong>eam</strong></span> <span class='ocrx_word' id='word_1_12' title='bbox 384 513 542 589; x_wconf 81' lang='lat' dir='ltr'><strong>percussit3</strong></span> <span class='ocrx_word' id='word_1_13' title='bbox 557 525 585 569; x_wconf 91' lang='lat' dir='ltr'><strong>et</strong></span> <span class='ocrx_word' id='word_1_14' title='bbox 607 513 733 590; x_wconf 83' lang='lat' dir='ltr'><strong>impulsa</strong></span> <span class='ocrx_word' id='word_1_15' title='bbox 753 514 839 589; x_wconf 90' lang='lat' dir='ltr'><strong>virgo</strong></span> 
     </span>
     <span class='ocr_line' id='line_1_4' title="bbox 53 603 801 685; baseline 0.008 -24"><span class='ocrx_word' id='word_1_16' title='bbox 53 603 173 674; x_wconf 78' lang='lat' dir='ltr'><strong>cecidit,</strong></span> <span class='ocrx_word' id='word_1_17' title='bbox 186 617 214 662; x_wconf 90' lang='lat' dir='ltr'><strong>et</strong></span> <span class='ocrx_word' id='word_1_18' title='bbox 228 605 264 661; x_wconf 94' lang='lat' dir='ltr'><strong>de</strong></span> <span class='ocrx_word' id='word_1_19' title='bbox 274 624 350 680; x_wconf 87' lang='lat' dir='ltr'><strong>genu</strong></span> <span class='ocrx_word' id='word_1_20' title='bbox 362 606 425 683; x_wconf 85' lang='lat' dir='ltr'><strong>ejus</strong></span> <span class='ocrx_word' id='word_1_21' title='bbox 438 608 527 685; x_wconf 88' lang='lat' dir='ltr'><strong>coepit</strong></span> <span class='ocrx_word' id='word_1_22' title='bbox 541 608 660 683; x_wconf 86' lang='lat' dir='ltr'><strong>sanguis</strong></span> <span class='ocrx_word' id='word_1_23' title='bbox 673 608 801 667; x_wconf 86' lang='lat' dir='ltr'><strong>effluere.</strong></span> 
     </span>
    </p>
   </div>
   <div class='ocr_carea' id='block_1_3' title="bbox 295 778 593 852">
    <p class='ocr_par' dir='ltr' id='par_1_3' title="bbox 295 778 593 852">
     <span class='ocr_line' id='line_1_5' title="bbox 295 778 593 852; baseline 0.003 -1"><span class='ocrx_word' id='word_1_24' title='bbox 295 784 390 851; x_wconf 79' lang='lat' dir='ltr'><strong>etr.</strong></span> <span class='ocrx_word' id='word_1_25' title='bbox 438 778 593 852; x_wconf 82' lang='lat' dir='ltr'><strong>xxxvl.</strong></span> 
     </span>
    </p>
   </div>
   <div class='ocr_carea' id='block_1_4' title="bbox 17 962 867 5250">
    <p class='ocr_par' dir='ltr' id='par_1_4' title="bbox 17 962 867 5250">
     <span class='ocr_line' id='line_1_6' title="bbox 94 962 839 1043; baseline 0.005 -22"><span class='ocrx_word' id='word_1_26' title='bbox 94 962 150 1021; x_wconf 82' lang='lat' dir='ltr'><strong>Sed</strong></span> <span class='ocrx_word' id='word_1_27' title='bbox 166 975 193 1020; x_wconf 90' lang='lat' dir='ltr'><strong>ct</strong></span> <span class='ocrx_word' id='word_1_28' title='bbox 207 964 305 1041; x_wconf 90' lang='lat' dir='ltr'><strong>puella</strong></span> <span class='ocrx_word' id='word_1_29' title='bbox 319 965 408 1043; x_wconf 86' lang='lat' dir='ltr'><strong>coepit</strong></span> <span class='ocrx_word' id='word_1_30' title='bbox 422 965 491 1022; x_wconf 87' lang='lat' dir='ltr'><strong>flere</strong></span> <span class='ocrx_word' id='word_1_31' title='bbox 510 978 538 1022; x_wconf 91' lang='lat' dir='ltr'><strong>et</strong></span> <span class='ocrx_word' id='word_1_32' title='bbox 559 963 656 1023; x_wconf 81' lang='lat' dir='ltr'>dicere</span> <span class='ocrx_word' id='word_1_33' title='bbox 680 988 686 1020; x_wconf 74' lang='grc' dir='ltr'><strong>ε</strong></span> <span class='ocrx_word' id='word_1_34' title='bbox 708 966 733 1023; x_wconf 93' lang='lat'>0</span> <span class='ocrx_word' id='word_1_35' title='bbox 749 966 839 1025; x_wconf 89' lang='lat' dir='ltr'><strong>ardun</strong></span> 
     </span>
     <span class='ocr_line' id='line_1_7' title="bbox 24 1060 837 1139; baseline 0.005 -21"><span class='ocrx_word' id='word_1_36' title='bbox 24 1061 195 1121; x_wconf 77' lang='lat' dir='ltr'><strong>scoelorum</strong></span> <span class='ocrx_word' id='word_1_37' title='bbox 217 1065 362 1139; x_wconf 88' lang='lat' dir='ltr'><strong>potestasl</strong></span> <span class='ocrx_word' id='word_1_38' title='bbox 392 1060 452 1120; x_wconf 89' lang='lat' dir='ltr'><strong>Cur</strong></span> <span class='ocrx_word' id='word_1_39' title='bbox 477 1081 523 1119; x_wconf 91' lang='lat' dir='ltr'><strong>me</strong></span> <span class='ocrx_word' id='word_1_40' title='bbox 541 1061 725 1121; x_wconf 85' lang='lat' dir='ltr'><strong>innocentem</strong></span> <span class='ocrx_word' id='word_1_41' title='bbox 750 1064 837 1123; x_wconf 90' lang='lat' dir='ltr'><strong>tantis</strong></span> 
     </span>
     <span class='ocr_line' id='line_1_8' title="bbox 54 1156 867 1237; baseline 0.002 -22"><span class='ocrx_word' id='word_1_42' title='bbox 54 1156 266 1215; x_wconf 80' lang='lat' dir='ltr'><strong>calamitatibus</strong></span> <span class='ocrx_word' id='word_1_43' title='bbox 278 1156 430 1234; x_wconf 85' lang='lat' dir='ltr'><strong>subjacere</strong></span> <span class='ocrx_word' id='word_1_44' title='bbox 446 1157 608 1235; x_wconf 82' lang='lat' dir='ltr'><strong>permittis,</strong></span> <span class='ocrx_word' id='word_1_45' title='bbox 620 1171 724 1235; x_wconf 88' lang='lat' dir='ltr'><strong>atque,</strong></span> <span class='ocrx_word' id='word_1_46' title='bbox 744 1158 781 1217; x_wconf 88' lang='lat' dir='ltr'><strong>ab</strong></span> <span class='ocrx_word' id='word_1_47' title='bbox 793 1160 839 1237; x_wconf 92' lang='lat' dir='ltr'><strong>ip·</strong></span> <span class='ocrx_word' id='word_1_48' title='bbox 862 1162 867 1193; x_wconf 83' lang='lat'>²</span> 
     </span>
     <span class='ocr_line' id='line_1_9' title="bbox 54 1252 839 1325; baseline 0.003 -13"><span class='ocrx_word' id='word_1_49' title='bbox 54 1254 96 1313; x_wconf 89' lang='lat' dir='ltr'><strong>sis</strong></span> <span class='ocrx_word' id='word_1_50' title='bbox 111 1252 265 1311; x_wconf 90' lang='lat' dir='ltr'><strong>cunabulis</strong></span> <span class='ocrx_word' id='word_1_51' title='bbox 274 1253 435 1312; x_wconf 85' lang='lat' dir='ltr'><strong>nativitatis</strong></span> <span class='ocrx_word' id='word_1_52' title='bbox 450 1273 531 1325; x_wconf 83' lang='lat' dir='ltr'><strong>meae,</strong></span> <span class='ocrx_word' id='word_1_53' title='bbox 547 1256 635 1313; x_wconf 89' lang='lat' dir='ltr'><strong>tantis</strong></span> <span class='ocrx_word' id='word_1_54' title='bbox 650 1254 777 1314; x_wconf 90' lang='lat' dir='ltr'><strong>miseriis</strong></span> <span class='ocrx_word' id='word_1_55' title='bbox 800 1255 839 1314; x_wconf 81' lang='lat' dir='ltr'><strong>ia·</strong></span> 
     </span>
     <span class='ocr_line' id='line_1_10' title="bbox 56 1348 843 1424; baseline 0.004 -17"><span class='ocrx_word' id='word_1_56' title='bbox 56 1348 164 1424; x_wconf 83' lang='lat' dir='ltr'><strong>tigari?</strong></span> <span class='ocrx_word' id='word_1_57' title='bbox 185 1348 275 1423; x_wconf 88' lang='lat' dir='ltr'><strong>Nam,</strong></span> <span class='ocrx_word' id='word_1_58' title='bbox 290 1361 323 1406; x_wconf 92' lang='lat' dir='ltr'><strong>ut</strong></span> <span class='ocrx_word' id='word_1_59' title='bbox 337 1362 404 1407; x_wconf 89' lang='lat' dir='ltr'><strong>nata</strong></span> <span class='ocrx_word' id='word_1_60' title='bbox 426 1349 466 1407; x_wconf 83' lang='lat' dir='ltr'><strong>lui</strong></span> <span class='ocrx_word' id='word_1_61' title='bbox 483 1350 560 1408; x_wconf 91' lang='lat' dir='ltr'><strong>inter</strong></span> <span class='ocrx_word' id='word_1_62' title='bbox 579 1350 684 1410; x_wconf 86' lang='lat' dir='ltr'><strong>fluctus</strong></span> <span class='ocrx_word' id='word_1_63' title='bbox 706 1353 795 1411; x_wconf 88' lang='lat' dir='ltr'><strong>maris</strong></span> <span class='ocrx_word' id='word_1_64' title='bbox 814 1364 843 1410; x_wconf 89' lang='lat' dir='ltr'><strong>et</strong></span> 
     </span>
     <span class='ocr_line' id='line_1_11' title="bbox 55 1443 842 1523; baseline 0.005 -22"><span class='ocrx_word' id='word_1_65' title='bbox 55 1445 218 1523; x_wconf 88' lang='lat' dir='ltr'><strong>procellas,</strong></span> <span class='ocrx_word' id='word_1_66' title='bbox 234 1455 325 1501; x_wconf 91' lang='lat' dir='ltr'><strong>mater</strong></span> <span class='ocrx_word' id='word_1_67' title='bbox 339 1463 402 1502; x_wconf 90' lang='lat' dir='ltr'><strong>mea</strong></span> <span class='ocrx_word' id='word_1_68' title='bbox 422 1443 572 1520; x_wconf 82' lang='lat' dir='ltr'><strong>algoribus</strong></span> <span class='ocrx_word' id='word_1_69' title='bbox 591 1449 750 1505; x_wconf 88' lang='lat' dir='ltr'><strong>constricta</strong></span> <span class='ocrx_word' id='word_1_70' title='bbox 764 1466 842 1505; x_wconf 92' lang='lat' dir='ltr'><strong>mor·</strong></span> 
     </span>
     <span class='ocr_line' id='line_1_12' title="bbox 17 1540 839 1618; baseline 0.005 -19"><span class='ocrx_word' id='word_1_71' title='bbox 17 1561 42 1599; x_wconf 85' lang='lat' dir='ltr'><strong>ro</strong></span> <span class='ocrx_word' id='word_1_72' title='bbox 56 1553 105 1598; x_wconf 87' lang='lat' dir='ltr'><strong>tua</strong></span> <span class='ocrx_word' id='word_1_73' title='bbox 119 1552 177 1611; x_wconf 88' lang='lat' dir='ltr'><strong>est,</strong></span> <span class='ocrx_word' id='word_1_74' title='bbox 193 1551 221 1597; x_wconf 89' lang='lat' dir='ltr'><strong>et</strong></span> <span class='ocrx_word' id='word_1_75' title='bbox 236 1552 358 1597; x_wconf 78' lang='lat' dir='ltr'><strong>mortuae</strong></span> <span class='ocrx_word' id='word_1_76' title='bbox 372 1540 522 1618; x_wconf 87' lang='lat' dir='ltr'><strong>sepultura</strong></span> <span class='ocrx_word' id='word_1_77' title='bbox 534 1554 636 1616; x_wconf 87' lang='lat' dir='ltr'><strong>negata</strong></span> <span class='ocrx_word' id='word_1_78' title='bbox 650 1554 694 1600; x_wconf 91' lang='lat' dir='ltr'><strong>est</strong></span> <span class='ocrx_word' id='word_1_79' title='bbox 707 1542 739 1600; x_wconf 94' lang='lat' dir='ltr'><strong>in</strong></span> <span class='ocrx_word' id='word_1_80' title='bbox 752 1555 839 1604; x_wconf 81' lang='lat' dir='ltr'><strong>terra.</strong></span> 
     </span>
     <span class='ocr_line' id='line_1_13' title="bbox 56 1635 841 1716; baseline 0.006 -22"><span class='ocrx_word' id='word_1_81' title='bbox 56 1635 92 1695; x_wconf 85' lang='lat' dir='ltr'><strong>Et</strong></span> <span class='ocrx_word' id='word_1_82' title='bbox 102 1650 204 1695; x_wconf 88' lang='lat' dir='ltr'><strong>ornata</strong></span> <span class='ocrx_word' id='word_1_83' title='bbox 218 1657 235 1695; x_wconf 88' lang='lat' dir='ltr'><strong>a</strong></span> <span class='ocrx_word' id='word_1_84' title='bbox 250 1649 333 1716; x_wconf 88' lang='lat' dir='ltr'><strong>patre</strong></span> <span class='ocrx_word' id='word_1_85' title='bbox 347 1656 412 1696; x_wconf 89' lang='lat' dir='ltr'><strong>meo</strong></span> <span class='ocrx_word' id='word_1_86' title='bbox 425 1638 514 1696; x_wconf 86' lang='lat' dir='ltr'><strong>missa</strong></span> <span class='ocrx_word' id='word_1_87' title='bbox 529 1650 572 1696; x_wconf 91' lang='lat' dir='ltr'><strong>est</strong></span> <span class='ocrx_word' id='word_1_88' title='bbox 586 1639 617 1697; x_wconf 93' lang='lat' dir='ltr'><strong>in</strong></span> <span class='ocrx_word' id='word_1_89' title='bbox 629 1638 760 1697; x_wconf 91' lang='lat' dir='ltr'><strong>loculum</strong></span> <span class='ocrx_word' id='word_1_90' title='bbox 776 1660 841 1699; x_wconf 92' lang='lat' dir='ltr'><strong>cum</strong></span> 
     </span>
     <span class='ocr_line' id='line_1_14' title="bbox 56 1731 844 1812; baseline 0.005 -22"><span class='ocrx_word' id='word_1_91' title='bbox 56 1731 109 1790; x_wconf 80' lang='lat' dir='ltr'><strong>XX</strong></span> <span class='ocrx_word' id='word_1_92' title='bbox 132 1733 272 1791; x_wconf 80' lang='lat' dir='ltr'><strong>sestertiis</strong></span> <span class='ocrx_word' id='word_1_93' title='bbox 290 1733 369 1804; x_wconf 92' lang='lat' dir='ltr'><strong>auri,</strong></span> <span class='ocrx_word' id='word_1_94' title='bbox 397 1745 425 1791; x_wconf 91' lang='lat' dir='ltr'><strong>et</strong></span> <span class='ocrx_word' id='word_1_95' title='bbox 448 1732 582 1812; x_wconf 86' lang='lat' dir='ltr'><strong>Neptuno</strong></span> <span class='ocrx_word' id='word_1_96' title='bbox 606 1734 712 1793; x_wconf 89' lang='lat' dir='ltr'><strong>tradita</strong></span> <span class='ocrx_word' id='word_1_97' title='bbox 726 1748 787 1808; x_wconf 89' lang='lat' dir='ltr'><strong>est;</strong></span> <span class='ocrx_word' id='word_1_98' title='bbox 815 1749 844 1795; x_wconf 90' lang='lat' dir='ltr'><strong>et</strong></span> 
     </span>
     <span class='ocr_line' id='line_1_15' title="bbox 56 1828 843 1911; baseline 0.004 -23"><span class='ocrx_word' id='word_1_99' title='bbox 56 1828 258 1905; x_wconf 86' lang='lat' dir='ltr'><strong>Strongulioni</strong></span> <span class='ocrx_word' id='word_1_100' title='bbox 279 1842 307 1889; x_wconf 94' lang='lat' dir='ltr'><strong>et</strong></span> <span class='ocrx_word' id='word_1_101' title='bbox 326 1830 499 1907; x_wconf 88' lang='lat' dir='ltr'><strong>Dionysiadi</strong></span> <span class='ocrx_word' id='word_1_102' title='bbox 523 1831 623 1910; x_wconf 88' lang='lat' dir='ltr'><strong>impiis</strong></span> <span class='ocrx_word' id='word_1_103' title='bbox 642 1851 659 1890; x_wconf 92' lang='lat' dir='ltr'><strong>a</strong></span> <span class='ocrx_word' id='word_1_104' title='bbox 676 1845 760 1911; x_wconf 86' lang='lat' dir='ltr'><strong>patre</strong></span> <span class='ocrx_word' id='word_1_105' title='bbox 780 1852 843 1893; x_wconf 82' lang='lat' dir='ltr'><strong>sum</strong></span> 
     </span>
     <span class='ocr_line' id='line_1_16' title="bbox 58 1926 844 2007; baseline 0.003 -21"><span class='ocrx_word' id='word_1_106' title='bbox 58 1926 207 2002; x_wconf 86' lang='lat' dir='ltr'><strong>derelicta,</strong></span> <span class='ocrx_word' id='word_1_107' title='bbox 220 1947 284 1986; x_wconf 92' lang='lat' dir='ltr'><strong>cum</strong></span> <span class='ocrx_word' id='word_1_108' title='bbox 293 1929 472 1987; x_wconf 86' lang='lat' dir='ltr'><strong>ornamentis</strong></span> <span class='ocrx_word' id='word_1_109' title='bbox 487 1942 515 1987; x_wconf 91' lang='lat' dir='ltr'><strong>et</strong></span> <span class='ocrx_word' id='word_1_110' title='bbox 523 1928 654 1987; x_wconf 85' lang='lat' dir='ltr'><strong>vestibus</strong></span> <span class='ocrx_word' id='word_1_111' title='bbox 669 1949 723 2006; x_wconf 90' lang='lat' dir='ltr'><strong>pro</strong></span> <span class='ocrx_word' id='word_1_112' title='bbox 735 1928 844 2007; x_wconf 90' lang='lat' dir='ltr'><strong>quibus</strong></span> 
     </span>
     <span class='ocr_line' id='line_1_17' title="bbox 19 2025 843 2103; baseline 0.007 -24"><span class='ocrx_word' id='word_1_113' title='bbox 19 2040 44 2080; x_wconf 82' lang='lat' dir='ltr'><strong>ss</strong></span> <span class='ocrx_word' id='word_1_114' title='bbox 58 2042 151 2102; x_wconf 87' lang='lat' dir='ltr'><strong>usque</strong></span> <span class='ocrx_word' id='word_1_115' title='bbox 163 2026 199 2081; x_wconf 90' lang='lat' dir='ltr'><strong>ad</strong></span> <span class='ocrx_word' id='word_1_116' title='bbox 211 2038 333 2083; x_wconf 88' lang='lat' dir='ltr'><strong>mortem</strong></span> <span class='ocrx_word' id='word_1_117' title='bbox 344 2026 475 2102; x_wconf 84' lang='lat' dir='ltr'><strong>perveni.</strong></span> <span class='ocrx_word' id='word_1_118' title='bbox 491 2025 561 2083; x_wconf 89' lang='lat' dir='ltr'><strong>Nam</strong></span> <span class='ocrx_word' id='word_1_119' title='bbox 571 2025 653 2103; x_wconf 86' lang='lat' dir='ltr'><strong>jussa</strong></span> <span class='ocrx_word' id='word_1_120' title='bbox 669 2046 733 2086; x_wconf 88' lang='lat' dir='ltr'><strong>sum</strong></span> <span class='ocrx_word' id='word_1_121' title='bbox 747 2026 843 2085; x_wconf 85' lang='lat' dir='ltr'><strong>decol-</strong></span> 
     </span>
     <span class='ocr_line' id='line_1_18' title="bbox 59 2120 842 2201; baseline 0.004 -22"><span class='ocrx_word' id='word_1_122' title='bbox 59 2120 114 2179; x_wconf 88' lang='lat' dir='ltr'><strong>lari</strong></span> <span class='ocrx_word' id='word_1_123' title='bbox 129 2140 146 2179; x_wconf 91' lang='lat' dir='ltr'><strong>a</strong></span> <span class='ocrx_word' id='word_1_124' title='bbox 160 2140 244 2179; x_wconf 85' lang='lat' dir='ltr'><strong>servo</strong></span> <span class='ocrx_word' id='word_1_125' title='bbox 265 2121 345 2199; x_wconf 79' lang='lat' dir='ltr'><strong>ejus3</strong></span> <span class='ocrx_word' id='word_1_126' title='bbox 362 2135 391 2181; x_wconf 89' lang='lat' dir='ltr'><strong>et</strong></span> <span class='ocrx_word' id='word_1_127' title='bbox 408 2123 512 2200; x_wconf 82' lang='lat' dir='ltr'><strong>piratae</strong></span> <span class='ocrx_word' id='word_1_128' title='bbox 530 2125 769 2201; x_wconf 86' lang='lat' dir='ltr'><strong>supervenientes</strong></span> <span class='ocrx_word' id='word_1_129' title='bbox 796 2143 842 2182; x_wconf 88' lang='lat' dir='ltr'><strong>ra-</strong></span> 
     </span>
     <span class='ocr_line' id='line_1_19' title="bbox 60 2217 845 2296; baseline 0.006 -21"><span class='ocrx_word' id='word_1_130' title='bbox 60 2230 188 2296; x_wconf 91' lang='lat' dir='ltr'><strong>puerunt</strong></span> <span class='ocrx_word' id='word_1_131' title='bbox 206 2237 268 2290; x_wconf 88' lang='lat' dir='ltr'><strong>me;</strong></span> <span class='ocrx_word' id='word_1_132' title='bbox 281 2219 352 2276; x_wconf 86' lang='lat' dir='ltr'><strong>etin</strong></span> <span class='ocrx_word' id='word_1_133' title='bbox 372 2218 446 2277; x_wconf 93' lang='lat' dir='ltr'><strong>banc</strong></span> <span class='ocrx_word' id='word_1_134' title='bbox 467 2217 570 2277; x_wconf 91' lang='lat' dir='ltr'><strong>urbem</strong></span> <span class='ocrx_word' id='word_1_135' title='bbox 587 2219 687 2278; x_wconf 91' lang='lat' dir='ltr'><strong>lenoni</strong></span> <span class='ocrx_word' id='word_1_136' title='bbox 709 2220 845 2279; x_wconf 88' lang='lat' dir='ltr'><strong>distracta</strong></span> 
     </span>
     <span class='ocr_line' id='line_1_20' title="bbox 59 2314 840 2396; baseline 0.003 -23"><span class='ocrx_word' id='word_1_137' title='bbox 59 2333 135 2373; x_wconf 86' lang='lat' dir='ltr'><strong>sum.</strong></span> <span class='ocrx_word' id='word_1_138' title='bbox 156 2315 252 2386; x_wconf 82' lang='lat' dir='ltr'><strong>Deus,</strong></span> <span class='ocrx_word' id='word_1_139' title='bbox 277 2314 367 2373; x_wconf 88' lang='lat' dir='ltr'><strong>redde</strong></span> <span class='ocrx_word' id='word_1_140' title='bbox 386 2336 432 2374; x_wconf 92' lang='lat' dir='ltr'><strong>me</strong></span> <span class='ocrx_word' id='word_1_141' title='bbox 452 2314 545 2393; x_wconf 82' lang='lat' dir='ltr'><strong>Tyrio</strong></span> <span class='ocrx_word' id='word_1_142' title='bbox 566 2317 739 2395; x_wconf 80' lang='lat' dir='ltr'><strong>Apollonio,</strong></span> <span class='ocrx_word' id='word_1_143' title='bbox 763 2319 840 2396; x_wconf 90' lang='lat' dir='ltr'><strong>patri</strong></span> 
     </span>
     <span class='ocr_line' id='line_1_21' title="bbox 59 2406 844 2484; baseline 0.003 -18"><span class='ocrx_word' id='word_1_144' title='bbox 59 2428 143 2480; x_wconf 88' lang='lat' dir='ltr'><strong>meo,</strong></span> <span class='ocrx_word' id='word_1_145' title='bbox 155 2409 222 2484; x_wconf 88' lang='lat' dir='ltr'><strong>qui,</strong></span> <span class='ocrx_word' id='word_1_146' title='bbox 237 2406 305 2466; x_wconf 95' lang='lat' dir='ltr'><strong>dum</strong></span> <span class='ocrx_word' id='word_1_147' title='bbox 319 2421 439 2467; x_wconf 91' lang='lat' dir='ltr'><strong>matrem</strong></span> <span class='ocrx_word' id='word_1_148' title='bbox 459 2428 551 2467; x_wconf 88' lang='lat' dir='ltr'><strong>meam</strong></span> <span class='ocrx_word' id='word_1_149' title='bbox 568 2408 691 2484; x_wconf 88' lang='lat' dir='ltr'><strong>lugeret,</strong></span> <span class='ocrx_word' id='word_1_150' title='bbox 703 2409 844 2484; x_wconf 83' lang='lat' dir='ltr'><strong>Strongu-</strong></span> 
     </span>
     <span class='ocr_line' id='line_1_22' title="bbox 18 2504 846 2585; baseline -0.001 -20"><span class='ocrx_word' id='word_1_151' title='bbox 18 2525 47 2565; x_wconf 87' lang='lat' dir='ltr'><strong>su</strong></span> <span class='ocrx_word' id='word_1_152' title='bbox 60 2504 134 2564; x_wconf 90' lang='lat' dir='ltr'><strong>lioni</strong></span> <span class='ocrx_word' id='word_1_153' title='bbox 153 2518 182 2563; x_wconf 91' lang='lat' dir='ltr'><strong>et</strong></span> <span class='ocrx_word' id='word_1_154' title='bbox 197 2505 370 2583; x_wconf 86' lang='lat' dir='ltr'><strong>Dionysiadi</strong></span> <span class='ocrx_word' id='word_1_155' title='bbox 392 2506 494 2585; x_wconf 93' lang='lat' dir='ltr'><strong>impiis</strong></span> <span class='ocrx_word' id='word_1_156' title='bbox 515 2525 561 2564; x_wconf 95' lang='lat' dir='ltr'><strong>me</strong></span> <span class='ocrx_word' id='word_1_157' title='bbox 576 2506 742 2583; x_wconf 84' lang='lat' dir='ltr'><strong>dereliquit.</strong></span> <span class='ocrx_word' id='word_1_158' title='bbox 757 2507 846 2584; x_wconf 73' lang='lat' dir='ltr'><strong>Apol·</strong></span> 
     </span>
     <span class='ocr_line' id='line_1_23' title="bbox 60 2600 844 2678; baseline 0.001 -20"><span class='ocrx_word' id='word_1_159' title='bbox 60 2600 228 2659; x_wconf 86' lang='lat' dir='ltr'><strong>loniushaec</strong></span> <span class='ocrx_word' id='word_1_160' title='bbox 238 2601 458 2676; x_wconf 87' lang='lat' dir='ltr'><strong>signaaudiens,</strong></span> <span class='ocrx_word' id='word_1_161' title='bbox 472 2602 722 2660; x_wconf 85' lang='lat' dir='ltr'><strong>exclamavitvooe</strong></span> <span class='ocrx_word' id='word_1_162' title='bbox 729 2620 844 2678; x_wconf 87' lang='lat' dir='ltr'><strong>magna,</strong></span> 
     </span>
     <span class='ocr_line' id='line_1_24' title="bbox 60 2696 847 2779; baseline 0.001 -25"><span class='ocrx_word' id='word_1_163' title='bbox 60 2708 91 2754; x_wconf 87' lang='lat' dir='ltr'><strong>et</strong></span> <span class='ocrx_word' id='word_1_164' title='bbox 101 2696 143 2754; x_wconf 88' lang='lat' dir='ltr'><strong>ait</strong></span> <span class='ocrx_word' id='word_1_165' title='bbox 156 2716 222 2779; x_wconf 74' lang='lat' dir='ltr'><strong>cum</strong></span> <span class='ocrx_word' id='word_1_166' title='bbox 236 2696 374 2774; x_wconf 84' lang='lat' dir='ltr'><strong>lacrymis</strong></span> <span class='ocrx_word' id='word_1_167' title='bbox 389 2718 396 2753; x_wconf 74' lang='grc' dir='ltr'><strong><em>ε</em></strong></span> <span class='ocrx_word' id='word_1_168' title='bbox 410 2696 544 2762; x_wconf 81' lang='lat' dir='ltr'><strong>Currite,</strong></span> <span class='ocrx_word' id='word_1_169' title='bbox 562 2697 679 2768; x_wconf 84' lang='lat' dir='ltr'><strong>lamuli;</strong></span> <span class='ocrx_word' id='word_1_170' title='bbox 700 2709 730 2755; x_wconf 91' lang='lat' dir='ltr'><strong>et</strong></span> <span class='ocrx_word' id='word_1_171' title='bbox 748 2697 847 2755; x_wconf 88' lang='lat' dir='ltr'><strong>anxie·</strong></span> 
     </span>
     <span class='ocr_line' id='line_1_25' title="bbox 61 2791 848 2869; baseline -0.001 -19"><span class='ocrx_word' id='word_1_172' title='bbox 61 2792 112 2850; x_wconf 89' lang='lat' dir='ltr'><strong>tati</strong></span> <span class='ocrx_word' id='word_1_173' title='bbox 135 2810 205 2849; x_wconf 88' lang='lat' dir='ltr'><strong>meae</strong></span> <span class='ocrx_word' id='word_1_174' title='bbox 236 2791 321 2849; x_wconf 86' lang='lat' dir='ltr'><strong>iinem</strong></span> <span class='ocrx_word' id='word_1_175' title='bbox 355 2792 507 2869; x_wconf 88' lang='lat' dir='ltr'><strong>imponite.</strong></span> <span class='ocrx_word' id='word_1_176' title='bbox 533 2791 692 2849; x_wconf 78' lang='lat' dir='ltr'><strong>Audientcs</strong></span> <span class='ocrx_word' id='word_1_177' title='bbox 722 2791 848 2868; x_wconf 91' lang='lat' dir='ltr'><strong>denique</strong></span> 
     </span>
     <span class='ocr_line' id='line_1_26' title="bbox 60 2887 848 2958; baseline -0.003 -12"><span class='ocrx_word' id='word_1_178' title='bbox 60 2887 231 2958; x_wconf 85' lang='lat' dir='ltr'><strong>clamorem,</strong></span> <span class='ocrx_word' id='word_1_179' title='bbox 257 2899 450 2944; x_wconf 90' lang='lat' dir='ltr'><strong>cucurrerunt</strong></span> <span class='ocrx_word' id='word_1_180' title='bbox 473 2904 573 2943; x_wconf 86' lang='lat' dir='ltr'><strong>omnes</strong></span> <span class='ocrx_word' id='word_1_181' title='bbox 596 2888 691 2957; x_wconf 82' lang='lat' dir='ltr'><strong>servi3</strong></span> <span class='ocrx_word' id='word_1_182' title='bbox 719 2887 848 2944; x_wconf 88' lang='lat' dir='ltr'><strong>cucurrit</strong></span> 
     </span>
     <span class='ocr_line' id='line_1_27' title="bbox 19 2982 848 3061; baseline -0.002 -16"><span class='ocrx_word' id='word_1_183' title='bbox 19 3005 47 3044; x_wconf 80' lang='lat' dir='ltr'><strong>as</strong></span> <span class='ocrx_word' id='word_1_184' title='bbox 59 2985 148 3045; x_wconf 83' lang='lat' dir='ltr'><strong>etiam</strong></span> <span class='ocrx_word' id='word_1_185' title='bbox 159 2985 363 3060; x_wconf 76' lang='lat' dir='ltr'><strong>dntinagoras,</strong></span> <span class='ocrx_word' id='word_1_186' title='bbox 375 2983 502 3041; x_wconf 86' lang='lat' dir='ltr'><strong>civitatis</strong></span> <span class='ocrx_word' id='word_1_187' title='bbox 512 3002 572 3041; x_wconf 83' lang='lat' dir='ltr'><strong>suae</strong></span> <span class='ocrx_word' id='word_1_188' title='bbox 584 2983 732 3061; x_wconf 90' lang='lat' dir='ltr'><strong>princeps.</strong></span> <span class='ocrx_word' id='word_1_189' title='bbox 749 2982 784 3041; x_wconf 83' lang='lat' dir='ltr'><strong>Et</strong></span> <span class='ocrx_word' id='word_1_190' title='bbox 798 2985 848 3043; x_wconf 86' lang='lat' dir='ltr'><strong>de·</strong></span> 
     </span>
     <span class='ocr_line' id='line_1_28' title="bbox 59 3077 847 3156; baseline -0.001 -18"><span class='ocrx_word' id='word_1_191' title='bbox 59 3079 231 3138; x_wconf 85' lang='lat' dir='ltr'><strong>scendentes</strong></span> <span class='ocrx_word' id='word_1_192' title='bbox 246 3080 422 3137; x_wconf 90' lang='lat' dir='ltr'><strong>invenerunt</strong></span> <span class='ocrx_word' id='word_1_193' title='bbox 434 3077 621 3156; x_wconf 77' lang='lat' dir='ltr'><strong>Apollonium</strong></span> <span class='ocrx_word' id='word_1_194' title='bbox 637 3097 726 3155; x_wconf 90' lang='lat' dir='ltr'><strong>super</strong></span> <span class='ocrx_word' id='word_1_195' title='bbox 739 3079 847 3137; x_wconf 90' lang='lat' dir='ltr'><strong>collum</strong></span> 
     </span>
     <span class='ocr_line' id='line_1_29' title="bbox 62 3176 846 3250; baseline -0.003 -14"><span class='ocrx_word' id='word_1_196' title='bbox 62 3176 176 3237; x_wconf 79' lang='lat' dir='ltr'><strong>&#39;larsiae</strong></span> <span class='ocrx_word' id='word_1_197' title='bbox 191 3178 306 3236; x_wconf 87' lang='lat' dir='ltr'><strong>flentem</strong></span> <span class='ocrx_word' id='word_1_198' title='bbox 321 3189 349 3234; x_wconf 92' lang='lat' dir='ltr'><strong>et</strong></span> <span class='ocrx_word' id='word_1_199' title='bbox 361 3176 503 3235; x_wconf 87' lang='lat' dir='ltr'><strong>dicentem</strong></span> <span class='ocrx_word' id='word_1_200' title='bbox 526 3177 615 3234; x_wconf 73' lang='lat' dir='ltr'><strong>:llaec</strong></span> <span class='ocrx_word' id='word_1_201' title='bbox 631 3188 674 3234; x_wconf 89' lang='lat' dir='ltr'><strong>cst</strong></span> <span class='ocrx_word' id='word_1_202' title='bbox 689 3176 750 3234; x_wconf 85' lang='lat' dir='ltr'><strong>filia</strong></span> <span class='ocrx_word' id='word_1_203' title='bbox 767 3196 846 3250; x_wconf 93' lang='lat' dir='ltr'><strong>mea,</strong></span> 
     </span>
     <span class='ocr_line' id='line_1_30' title="bbox 61 3273 849 3353; baseline 0.001 -20"><span class='ocrx_word' id='word_1_204' title='bbox 61 3274 257 3353; x_wconf 85' lang='lat' dir='ltr'><strong>quamlugeo,</strong></span> <span class='ocrx_word' id='word_1_205' title='bbox 278 3273 363 3351; x_wconf 90' lang='lat' dir='ltr'><strong>cujus</strong></span> <span class='ocrx_word' id='word_1_206' title='bbox 383 3293 470 3333; x_wconf 89' lang='lat' dir='ltr'><strong>causa</strong></span> <span class='ocrx_word' id='word_1_207' title='bbox 491 3273 640 3333; x_wconf 84' lang='lat' dir='ltr'><strong>redivivas</strong></span> <span class='ocrx_word' id='word_1_208' title='bbox 661 3274 807 3352; x_wconf 79' lang='lat' dir='ltr'><strong>lacrymas</strong></span> <span class='ocrx_word' id='word_1_209' title='bbox 821 3288 849 3334; x_wconf 92' lang='lat' dir='ltr'><strong>et</strong></span> 
     </span>
     <span class='ocr_line' id='line_1_31' title="bbox 61 3368 847 3447; baseline 0.001 -18"><span class='ocrx_word' id='word_1_210' title='bbox 61 3383 219 3429; x_wconf 81' lang='lat' dir='ltr'><strong>renovatus</strong></span> <span class='ocrx_word' id='word_1_211' title='bbox 242 3371 336 3428; x_wconf 90' lang='lat' dir='ltr'><strong>luctus</strong></span> <span class='ocrx_word' id='word_1_212' title='bbox 361 3388 584 3447; x_wconf 84' lang='lat' dir='ltr'><strong>assumpseram.</strong></span> <span class='ocrx_word' id='word_1_213' title='bbox 605 3368 677 3427; x_wconf 86' lang='lat' dir='ltr'><strong>Nam</strong></span> <span class='ocrx_word' id='word_1_214' title='bbox 706 3389 760 3446; x_wconf 84' lang='lat' dir='ltr'><strong>ego</strong></span> <span class='ocrx_word' id='word_1_215' title='bbox 784 3389 847 3430; x_wconf 90' lang='lat' dir='ltr'><strong>sum</strong></span> 
     </span>
     <span class='ocr_line' id='line_1_32' title="bbox 20 3466 848 3545; baseline 0 -18"><span class='ocrx_word' id='word_1_216' title='bbox 20 3486 49 3527; x_wconf 85' lang='lat' dir='ltr'><strong>su</strong></span> <span class='ocrx_word' id='word_1_217' title='bbox 62 3467 239 3544; x_wconf 74' lang='lat' dir='ltr'><strong>Apollonius</strong></span> <span class='ocrx_word' id='word_1_218' title='bbox 253 3466 373 3544; x_wconf 82' lang='lat' dir='ltr'><strong>Tyrius,</strong></span> <span class='ocrx_word' id='word_1_219' title='bbox 387 3468 438 3544; x_wconf 91' lang='lat' dir='ltr'><strong>qui</strong></span> <span class='ocrx_word' id='word_1_220' title='bbox 452 3481 479 3525; x_wconf 92' lang='lat' dir='ltr'><strong>te</strong></span> <span class='ocrx_word' id='word_1_221' title='bbox 492 3466 693 3525; x_wconf 88' lang='lat' dir='ltr'><strong>commendavi</strong></span> <span class='ocrx_word' id='word_1_222' title='bbox 705 3466 848 3545; x_wconf 86' lang='lat' dir='ltr'><strong>Strongu-</strong></span> 
     </span>
     <span class='ocr_line' id='line_1_33' title="bbox 63 3561 849 3642; baseline 0.003 -23"><span class='ocrx_word' id='word_1_223' title='bbox 63 3561 140 3620; x_wconf 92' lang='lat' dir='ltr'><strong>lioni</strong></span> <span class='ocrx_word' id='word_1_224' title='bbox 173 3577 202 3622; x_wconf 88' lang='lat' dir='ltr'><strong>et</strong></span> <span class='ocrx_word' id='word_1_225' title='bbox 221 3563 396 3640; x_wconf 86' lang='lat' dir='ltr'><strong>Dionysiadi</strong></span> <span class='ocrx_word' id='word_1_226' title='bbox 411 3562 521 3640; x_wconf 88' lang='lat' dir='ltr'><strong>impiis.</strong></span> <span class='ocrx_word' id='word_1_227' title='bbox 537 3564 591 3620; x_wconf 89' lang='lat' dir='ltr'><strong>Dic</strong></span> <span class='ocrx_word' id='word_1_228' title='bbox 604 3562 689 3634; x_wconf 91' lang='lat' dir='ltr'><strong>mibi,</strong></span> <span class='ocrx_word' id='word_1_229' title='bbox 701 3563 849 3642; x_wconf 90' lang='lat' dir='ltr'><strong>quomodo</strong></span> 
     </span>
     <span class='ocr_line' id='line_1_34' title="bbox 63 3658 848 3738; baseline 0.005 -21"><span class='ocrx_word' id='word_1_230' title='bbox 63 3658 143 3717; x_wconf 87' lang='lat' dir='ltr'><strong>dicta</strong></span> <span class='ocrx_word' id='word_1_231' title='bbox 163 3671 207 3717; x_wconf 86' lang='lat' dir='ltr'><strong>est</strong></span> <span class='ocrx_word' id='word_1_232' title='bbox 235 3661 337 3718; x_wconf 87' lang='lat' dir='ltr'><strong>nutrix</strong></span> <span class='ocrx_word' id='word_1_233' title='bbox 357 3661 425 3719; x_wconf 81' lang='lat' dir='ltr'><strong>tua?</strong></span> <span class='ocrx_word' id='word_1_234' title='bbox 446 3659 481 3717; x_wconf 81' lang='lat' dir='ltr'><strong>Et</strong></span> <span class='ocrx_word' id='word_1_235' title='bbox 509 3660 560 3718; x_wconf 89' lang='lat' dir='ltr'><strong>illa</strong></span> <span class='ocrx_word' id='word_1_236' title='bbox 587 3660 662 3718; x_wconf 88' lang='lat' dir='ltr'><strong>dixit</strong></span> <span class='ocrx_word' id='word_1_237' title='bbox 688 3681 695 3716; x_wconf 90' lang='lat'>:</span> <span class='ocrx_word' id='word_1_238' title='bbox 718 3659 848 3738; x_wconf 83' lang='lat' dir='ltr'><strong>Lycoris.</strong></span> 
     </span>
     <span class='ocr_line' id='line_1_35' title="bbox 62 3756 850 3837; baseline 0.004 -23"><span class='ocrx_word' id='word_1_239' title='bbox 62 3756 240 3835; x_wconf 69' lang='lat' dir='ltr'><strong>Apollonius</strong></span> <span class='ocrx_word' id='word_1_240' title='bbox 255 3770 349 3815; x_wconf 88' lang='lat' dir='ltr'><strong>autem</strong></span> <span class='ocrx_word' id='word_1_241' title='bbox 361 3757 615 3816; x_wconf 85' lang='lat' dir='ltr'><strong>vehementissime</strong></span> <span class='ocrx_word' id='word_1_242' title='bbox 625 3756 750 3815; x_wconf 89' lang='lat' dir='ltr'><strong>clamare</strong></span> <span class='ocrx_word' id='word_1_243' title='bbox 761 3760 850 3837; x_wconf 85' lang='lat' dir='ltr'><strong>coepit</strong></span> 
     </span>
     <span class='ocr_line' id='line_1_36' title="bbox 62 3852 849 3913; baseline 0.003 -2"><span class='ocrx_word' id='word_1_244' title='bbox 62 3864 92 3912; x_wconf 81' lang='lat' dir='ltr'><strong>et</strong></span> <span class='ocrx_word' id='word_1_245' title='bbox 105 3852 204 3910; x_wconf 89' lang='lat' dir='ltr'><strong>dicere</strong></span> <span class='ocrx_word' id='word_1_246' title='bbox 232 3874 239 3909; x_wconf 74' lang='grc' dir='ltr'><strong>ε</strong></span> <span class='ocrx_word' id='word_1_247' title='bbox 269 3852 365 3912; x_wconf 86' lang='lat' dir='ltr'><strong>&#39;lues</strong></span> <span class='ocrx_word' id='word_1_248' title='bbox 394 3854 454 3912; x_wconf 88' lang='lat' dir='ltr'><strong>iilia</strong></span> <span class='ocrx_word' id='word_1_249' title='bbox 472 3872 545 3911; x_wconf 86' lang='lat' dir='ltr'><strong>mea.</strong></span> <span class='ocrx_word' id='word_1_250' title='bbox 573 3852 608 3911; x_wconf 82' lang='lat' dir='ltr'><strong>Et</strong></span> <span class='ocrx_word' id='word_1_251' title='bbox 628 3852 679 3910; x_wconf 88' lang='lat' dir='ltr'><strong>illa</strong></span> <span class='ocrx_word' id='word_1_252' title='bbox 693 3852 770 3910; x_wconf 90' lang='lat' dir='ltr'><strong>dixit</strong></span> <span class='ocrx_word' id='word_1_253' title='bbox 793 3853 849 3913; x_wconf 86' lang='lat' dir='ltr'><strong>:Si</strong></span> 
     </span>
     <span class='ocr_line' id='line_1_37' title="bbox 23 3944 851 4028; baseline 0.001 -21"><span class='ocrx_word' id='word_1_254' title='bbox 23 3972 50 4013; x_wconf 70' lang='lat' dir='ltr'><strong>ss</strong></span> <span class='ocrx_word' id='word_1_255' title='bbox 61 3944 196 4008; x_wconf 82' lang='lat' dir='ltr'><strong>Tarsiam</strong></span> <span class='ocrx_word' id='word_1_256' title='bbox 209 3951 328 4025; x_wconf 83' lang='lat' dir='ltr'><strong>quaeris,</strong></span> <span class='ocrx_word' id='word_1_257' title='bbox 342 3969 396 4026; x_wconf 87' lang='lat' dir='ltr'><strong>ego</strong></span> <span class='ocrx_word' id='word_1_258' title='bbox 411 3970 485 4010; x_wconf 92' lang='lat' dir='ltr'><strong>sum.</strong></span> <span class='ocrx_word' id='word_1_259' title='bbox 498 3949 583 4008; x_wconf 87' lang='lat' dir='ltr'><strong>Tunc</strong></span> <span class='ocrx_word' id='word_1_260' title='bbox 595 3951 711 4024; x_wconf 89' lang='lat' dir='ltr'><strong>erigens</strong></span> <span class='ocrx_word' id='word_1_261' title='bbox 726 3968 768 4020; x_wconf 90' lang='lat' dir='ltr'><strong>se,</strong></span> <span class='ocrx_word' id='word_1_262' title='bbox 780 3970 851 4028; x_wconf 92' lang='lat' dir='ltr'><strong>pro·</strong></span> 
     </span>
     <span class='ocr_line' id='line_1_38' title="bbox 60 4041 845 4121; baseline 0.001 -20"><span class='ocrx_word' id='word_1_263' title='bbox 60 4041 149 4121; x_wconf 84' lang='lat' dir='ltr'><strong>jectis</strong></span> <span class='ocrx_word' id='word_1_264' title='bbox 177 4042 308 4102; x_wconf 82' lang='lat' dir='ltr'><strong>restibus</strong></span> <span class='ocrx_word' id='word_1_265' title='bbox 339 4043 530 4119; x_wconf 87' lang='lat' dir='ltr'><strong>lugubribus,</strong></span> <span class='ocrx_word' id='word_1_266' title='bbox 558 4043 653 4101; x_wconf 92' lang='lat' dir='ltr'><strong>induit</strong></span> <span class='ocrx_word' id='word_1_267' title='bbox 679 4062 710 4101; x_wconf 88' lang='lat' dir='ltr'><strong>se</strong></span> <span class='ocrx_word' id='word_1_268' title='bbox 736 4056 845 4102; x_wconf 81' lang='lat' dir='ltr'><strong>restem</strong></span> 
     </span>
     <span class='ocr_line' id='line_1_39' title="bbox 65 4135 852 4218; baseline 0.003 -23"><span class='ocrx_word' id='word_1_269' title='bbox 65 4137 225 4215; x_wconf 79' lang='lat' dir='ltr'><strong>mundam3</strong></span> <span class='ocrx_word' id='word_1_270' title='bbox 242 4150 270 4196; x_wconf 93' lang='lat' dir='ltr'><strong>et</strong></span> <span class='ocrx_word' id='word_1_271' title='bbox 290 4138 512 4218; x_wconf 89' lang='lat' dir='ltr'><strong>apprehendens</strong></span> <span class='ocrx_word' id='word_1_272' title='bbox 532 4157 594 4196; x_wconf 92' lang='lat' dir='ltr'><strong>eam</strong></span> <span class='ocrx_word' id='word_1_273' title='bbox 614 4135 800 4197; x_wconf 85' lang='lat' dir='ltr'><strong>osculabatur</strong></span> <span class='ocrx_word' id='word_1_274' title='bbox 824 4151 852 4197; x_wconf 91' lang='lat' dir='ltr'><strong>et</strong></span> 
     </span>
     <span class='ocr_line' id='line_1_40' title="bbox 64 4231 852 4312; baseline 0.004 -21"><span class='ocrx_word' id='word_1_275' title='bbox 64 4231 165 4291; x_wconf 85' lang='lat' dir='ltr'><strong>flebat.</strong></span> <span class='ocrx_word' id='word_1_276' title='bbox 179 4232 345 4311; x_wconf 88' lang='lat' dir='ltr'><strong>Vidensque</strong></span> <span class='ocrx_word' id='word_1_277' title='bbox 365 4253 416 4292; x_wconf 90' lang='lat' dir='ltr'><strong>eos</strong></span> <span class='ocrx_word' id='word_1_278' title='bbox 439 4234 636 4308; x_wconf 77' lang='lat' dir='ltr'><strong>Antinagoras</strong></span> <span class='ocrx_word' id='word_1_279' title='bbox 656 4246 797 4312; x_wconf 85' lang='lat' dir='ltr'><strong>utrosque</strong></span> <span class='ocrx_word' id='word_1_280' title='bbox 820 4235 852 4294; x_wconf 94' lang='lat' dir='ltr'><strong>in</strong></span> 
     </span>
     <span class='ocr_line' id='line_1_41' title="bbox 65 4327 849 4407; baseline 0.004 -21"><span class='ocrx_word' id='word_1_281' title='bbox 65 4327 204 4407; x_wconf 82' lang='lat' dir='ltr'><strong>amplexu</strong></span> <span class='ocrx_word' id='word_1_282' title='bbox 222 4349 287 4387; x_wconf 93' lang='lat' dir='ltr'><strong>cum</strong></span> <span class='ocrx_word' id='word_1_283' title='bbox 303 4329 442 4406; x_wconf 82' lang='lat' dir='ltr'><strong>lacrymis</strong></span> <span class='ocrx_word' id='word_1_284' title='bbox 460 4329 653 4398; x_wconf 81' lang='lat' dir='ltr'><strong>inhaerentes,</strong></span> <span class='ocrx_word' id='word_1_285' title='bbox 673 4342 701 4388; x_wconf 89' lang='lat' dir='ltr'><strong>et</strong></span> <span class='ocrx_word' id='word_1_286' title='bbox 716 4331 780 4407; x_wconf 91' lang='lat' dir='ltr'><strong>ipse</strong></span> <span class='ocrx_word' id='word_1_287' title='bbox 798 4331 849 4390; x_wconf 87' lang='lat' dir='ltr'><strong>fle-</strong></span> 
     </span>
     <span class='ocr_line' id='line_1_42' title="bbox 23 4422 853 4506; baseline 0 -21"><span class='ocrx_word' id='word_1_288' title='bbox 23 4450 53 4492; x_wconf 75' lang='lat' dir='ltr'><strong>ao</strong></span> <span class='ocrx_word' id='word_1_289' title='bbox 63 4422 134 4496; x_wconf 88' lang='lat' dir='ltr'><strong>bat,</strong></span> <span class='ocrx_word' id='word_1_290' title='bbox 145 4438 174 4484; x_wconf 89' lang='lat' dir='ltr'><strong>et</strong></span> <span class='ocrx_word' id='word_1_291' title='bbox 187 4425 323 4484; x_wconf 88' lang='lat' dir='ltr'><strong>narrabat</strong></span> <span class='ocrx_word' id='word_1_292' title='bbox 336 4428 363 4486; x_wconf 90' lang='lat' dir='ltr'><strong>ei</strong></span> <span class='ocrx_word' id='word_1_293' title='bbox 381 4428 432 4504; x_wconf 91' lang='lat' dir='ltr'><strong>qui</strong></span> <span class='ocrx_word' id='word_1_294' title='bbox 451 4425 548 4504; x_wconf 88' lang='lat' dir='ltr'><strong>puella</strong></span> <span class='ocrx_word' id='word_1_295' title='bbox 560 4426 592 4482; x_wconf 93' lang='lat' dir='ltr'><strong>in</strong></span> <span class='ocrx_word' id='word_1_296' title='bbox 609 4426 742 4504; x_wconf 86' lang='lat' dir='ltr'><strong>lupanari</strong></span> <span class='ocrx_word' id='word_1_297' title='bbox 756 4428 853 4506; x_wconf 91' lang='lat' dir='ltr'><strong>posita</strong></span> 
     </span>
     <span class='ocr_line' id='line_1_43' title="bbox 43 4522 854 4601; baseline -0.001 -19"><span class='ocrx_word' id='word_1_298' title='bbox 43 4562 47 4567; x_wconf 92' lang='lat'><em>-</em></span> <span class='ocrx_word' id='word_1_299' title='bbox 64 4522 205 4582; x_wconf 81' lang='lat' dir='ltr'><strong>universa</strong></span> <span class='ocrx_word' id='word_1_300' title='bbox 217 4535 377 4594; x_wconf 87' lang='lat' dir='ltr'><strong>narrasset,</strong></span> <span class='ocrx_word' id='word_1_301' title='bbox 398 4537 426 4581; x_wconf 91' lang='lat' dir='ltr'><strong>et</strong></span> <span class='ocrx_word' id='word_1_302' title='bbox 445 4523 517 4600; x_wconf 93' lang='lat' dir='ltr'><strong>quid</strong></span> <span class='ocrx_word' id='word_1_303' title='bbox 535 4536 605 4580; x_wconf 90' lang='lat' dir='ltr'><strong>tunc</strong></span> <span class='ocrx_word' id='word_1_304' title='bbox 620 4523 759 4601; x_wconf 87' lang='lat' dir='ltr'><strong>temporis</strong></span> <span class='ocrx_word' id='word_1_305' title='bbox 778 4536 854 4582; x_wconf 89' lang='lat' dir='ltr'><strong>esset</strong></span> 
     </span>
     <span class='ocr_line' id='line_1_44' title="bbox 64 4617 853 4697; baseline 0 -20"><span class='ocrx_word' id='word_1_306' title='bbox 64 4636 102 4677; x_wconf 82' lang='lat' dir='ltr'><strong>ex</strong></span> <span class='ocrx_word' id='word_1_307' title='bbox 119 4638 179 4696; x_wconf 86' lang='lat' dir='ltr'><strong>quo</strong></span> <span class='ocrx_word' id='word_1_308' title='bbox 200 4620 334 4697; x_wconf 79' lang='lat' dir='ltr'><strong>spiratis</strong></span> <span class='ocrx_word' id='word_1_309' title='bbox 350 4618 476 4677; x_wconf 90' lang='lat' dir='ltr'><strong>abducta</strong></span> <span class='ocrx_word' id='word_1_310' title='bbox 486 4631 514 4676; x_wconf 92' lang='lat' dir='ltr'><strong>et</strong></span> <span class='ocrx_word' id='word_1_311' title='bbox 528 4617 666 4677; x_wconf 88' lang='lat' dir='ltr'><strong>distracta</strong></span> <span class='ocrx_word' id='word_1_312' title='bbox 686 4618 798 4676; x_wconf 84' lang='lat' dir='ltr'><strong>fuisset.</strong></span> <span class='ocrx_word' id='word_1_313' title='bbox 818 4618 853 4677; x_wconf 84' lang='lat' dir='ltr'><strong>Et</strong></span> 
     </span>
     <span class='ocr_line' id='line_1_45' title="bbox 66 4710 845 4790; baseline 0.001 -21"><span class='ocrx_word' id='word_1_314' title='bbox 66 4710 186 4770; x_wconf 88' lang='lat' dir='ltr'><strong>mittens</strong></span> <span class='ocrx_word' id='word_1_315' title='bbox 200 4731 230 4770; x_wconf 86' lang='lat' dir='ltr'><strong>se</strong></span> <span class='ocrx_word' id='word_1_316' title='bbox 246 4713 439 4788; x_wconf 79' lang='lat' dir='ltr'><strong>Antinagoras</strong></span> <span class='ocrx_word' id='word_1_317' title='bbox 454 4712 490 4770; x_wconf 88' lang='lat' dir='ltr'><strong>ad</strong></span> <span class='ocrx_word' id='word_1_318' title='bbox 505 4712 593 4790; x_wconf 89' lang='lat' dir='ltr'><strong>pedes</strong></span> <span class='ocrx_word' id='word_1_319' title='bbox 612 4711 764 4790; x_wconf 79' lang='lat' dir='ltr'><strong>Apollonii</strong></span> <span class='ocrx_word' id='word_1_320' title='bbox 783 4712 845 4771; x_wconf 84' lang='lat' dir='ltr'><strong>ait:</strong></span> 
     </span>
     <span class='ocr_line' id='line_1_46' title="bbox 66 4804 850 4885; baseline 0.001 -20"><span class='ocrx_word' id='word_1_321' title='bbox 66 4804 128 4865; x_wconf 83' lang='lat' dir='ltr'><strong>Per</strong></span> <span class='ocrx_word' id='word_1_322' title='bbox 140 4807 233 4866; x_wconf 90' lang='lat' dir='ltr'><strong>Deum</strong></span> <span class='ocrx_word' id='word_1_323' title='bbox 245 4809 367 4883; x_wconf 81' lang='lat' dir='ltr'><strong>vivum,</strong></span> <span class='ocrx_word' id='word_1_324' title='bbox 383 4809 435 4885; x_wconf 90' lang='lat' dir='ltr'><strong>qui</strong></span> <span class='ocrx_word' id='word_1_325' title='bbox 453 4821 480 4866; x_wconf 93' lang='lat' dir='ltr'><strong>te</strong></span> <span class='ocrx_word' id='word_1_326' title='bbox 492 4820 603 4885; x_wconf 89' lang='lat' dir='ltr'><strong>patrem</strong></span> <span class='ocrx_word' id='word_1_327' title='bbox 619 4808 746 4866; x_wconf 87' lang='lat' dir='ltr'><strong>restituit</strong></span> <span class='ocrx_word' id='word_1_328' title='bbox 763 4809 850 4881; x_wconf 70' lang='lat' dir='ltr'><strong>filias,</strong></span> 
     </span>
     <span class='ocr_line' id='line_1_47' title="bbox 20 4901 851 4983; baseline 0.004 -23"><span class='ocrx_word' id='word_1_329' title='bbox 20 4916 55 4960; x_wconf 67' lang='lat' dir='ltr'><strong>ss</strong></span> <span class='ocrx_word' id='word_1_330' title='bbox 65 4920 105 4960; x_wconf 82' lang='lat' dir='ltr'><strong>ne</strong></span> <span class='ocrx_word' id='word_1_331' title='bbox 117 4902 208 4962; x_wconf 86' lang='lat' dir='ltr'><strong>alium</strong></span> <span class='ocrx_word' id='word_1_332' title='bbox 219 4903 317 4961; x_wconf 86' lang='lat' dir='ltr'><strong>virum</strong></span> <span class='ocrx_word' id='word_1_333' title='bbox 330 4903 426 4961; x_wconf 91' lang='lat' dir='ltr'><strong>tradas</strong></span> <span class='ocrx_word' id='word_1_334' title='bbox 441 4902 562 4962; x_wconf 83' lang='lat' dir='ltr'><strong>Tarsiae.</strong></span> <span class='ocrx_word' id='word_1_335' title='bbox 576 4901 648 4960; x_wconf 87' lang='lat' dir='ltr'><strong>Nam</strong></span> <span class='ocrx_word' id='word_1_336' title='bbox 661 4915 689 4962; x_wconf 93' lang='lat' dir='ltr'><strong>et</strong></span> <span class='ocrx_word' id='word_1_337' title='bbox 703 4923 756 4980; x_wconf 89' lang='lat' dir='ltr'><strong>ego</strong></span> <span class='ocrx_word' id='word_1_338' title='bbox 768 4905 851 4983; x_wconf 89' lang='lat' dir='ltr'><strong>prin·</strong></span> 
     </span>
     <span class='ocr_line' id='line_1_48' title="bbox 67 4999 853 5081; baseline 0.003 -23"><span class='ocrx_word' id='word_1_339' title='bbox 67 5017 137 5079; x_wconf 82' lang='lat' dir='ltr'><strong>ceps</strong></span> <span class='ocrx_word' id='word_1_340' title='bbox 146 5019 210 5059; x_wconf 86' lang='lat' dir='ltr'><strong>sum</strong></span> <span class='ocrx_word' id='word_1_341' title='bbox 225 4999 314 5078; x_wconf 91' lang='lat' dir='ltr'><strong>bujus</strong></span> <span class='ocrx_word' id='word_1_342' title='bbox 325 5002 467 5074; x_wconf 86' lang='lat' dir='ltr'><strong>civitatis;</strong></span> <span class='ocrx_word' id='word_1_343' title='bbox 486 5015 515 5060; x_wconf 89' lang='lat' dir='ltr'><strong>et</strong></span> <span class='ocrx_word' id='word_1_344' title='bbox 528 5020 584 5079; x_wconf 93' lang='lat' dir='ltr'><strong>ope</strong></span> <span class='ocrx_word' id='word_1_345' title='bbox 606 5020 669 5059; x_wconf 92' lang='lat' dir='ltr'><strong>mea</strong></span> <span class='ocrx_word' id='word_1_346' title='bbox 683 5002 769 5078; x_wconf 85' lang='lat' dir='ltr'><strong>virgo</strong></span> <span class='ocrx_word' id='word_1_347' title='bbox 783 5023 853 5081; x_wconf 89' lang='lat' dir='ltr'><strong>per·</strong></span> 
     </span>
     <span class='ocr_line' id='line_1_49' title="bbox 67 5097 852 5178; baseline 0.001 -22"><span class='ocrx_word' id='word_1_348' title='bbox 67 5099 196 5170; x_wconf 87' lang='lat' dir='ltr'><strong>mansit,</strong></span> <span class='ocrx_word' id='word_1_349' title='bbox 211 5112 240 5157; x_wconf 90' lang='lat' dir='ltr'><strong>et</strong></span> <span class='ocrx_word' id='word_1_350' title='bbox 251 5118 298 5160; x_wconf 86' lang='lat' dir='ltr'><strong>me</strong></span> <span class='ocrx_word' id='word_1_351' title='bbox 314 5099 417 5159; x_wconf 91' lang='lat' dir='ltr'><strong>ducem</strong></span> <span class='ocrx_word' id='word_1_352' title='bbox 432 5118 465 5157; x_wconf 89' lang='lat' dir='ltr'><strong>ac</strong></span> <span class='ocrx_word' id='word_1_353' title='bbox 484 5111 597 5177; x_wconf 89' lang='lat' dir='ltr'><strong>patrem</strong></span> <span class='ocrx_word' id='word_1_354' title='bbox 619 5097 747 5172; x_wconf 86' lang='lat' dir='ltr'><strong>agnovit.</strong></span> <span class='ocrx_word' id='word_1_355' title='bbox 763 5099 852 5178; x_wconf 75' lang='lat' dir='ltr'><strong>Apol·</strong></span> 
     </span>
     <span class='ocr_line' id='line_1_50' title="bbox 171 5212 255 5250; baseline 0.06 -5"><span class='ocrx_word' id='word_1_356' title='bbox 171 5212 255 5250; x_wconf 75' lang='lat' dir='ltr'><strong>sonci.</strong></span> 
     </span>
    </p>
   </div>
   <div class='ocr_carea' id='block_1_5' title="bbox 1615 297 1671 349">
    <p class='ocr_par' dir='ltr' id='par_1_5' title="bbox 1615 297 1671 349">
     <span class='ocr_line' id='line_1_51' title="bbox 1615 297 1671 349; baseline 0.036 -3"><span class='ocrx_word' id='word_1_357' title='bbox 1615 297 1671 349; x_wconf 70' lang='grc'><strong>695</strong></span> 
     </span>
    </p>
   </div>
   <div class='ocr_carea' id='block_1_6' title="bbox 886 417 1676 788">
    <p class='ocr_par' dir='ltr' id='par_1_6' title="bbox 886 417 1676 788">
     <span class='ocr_line' id='line_1_52' title="bbox 886 417 1674 497; baseline 0.008 -24"><span class='ocrx_word' id='word_1_358' title='bbox 886 417 982 476; x_wconf 85' lang='lat' dir='ltr'><strong>lunius</strong></span> <span class='ocrx_word' id='word_1_359' title='bbox 997 419 1036 475; x_wconf 91' lang='lat' dir='ltr'><strong>ait</strong></span> <span class='ocrx_word' id='word_1_360' title='bbox 1056 441 1061 474; x_wconf 76' lang='grc' dir='ltr'>ε</span> <span class='ocrx_word' id='word_1_361' title='bbox 1078 420 1134 486; x_wconf 82' lang='lat' dir='ltr'><strong>Qui</strong></span> <span class='ocrx_word' id='word_1_362' title='bbox 1150 439 1219 492; x_wconf 86' lang='lat' dir='ltr'><strong>ergo</strong></span> <span class='ocrx_word' id='word_1_363' title='bbox 1239 420 1307 477; x_wconf 90' lang='lat' dir='ltr'><strong>buic</strong></span> <span class='ocrx_word' id='word_1_364' title='bbox 1328 434 1414 477; x_wconf 84' lang='lat' dir='ltr'><strong>tantae</strong></span> <span class='ocrx_word' id='word_1_365' title='bbox 1426 421 1527 497; x_wconf 91' lang='lat' dir='ltr'><strong>pietati</strong></span> <span class='ocrx_word' id='word_1_366' title='bbox 1548 434 1576 477; x_wconf 91' lang='lat' dir='ltr'><strong>et</strong></span> <span class='ocrx_word' id='word_1_367' title='bbox 1592 421 1674 479; x_wconf 90' lang='lat' dir='ltr'><strong>boni·</strong></span> 
     </span>
     <span class='ocr_line' id='line_1_53' title="bbox 887 514 1676 595; baseline 0.01 -27"><span class='ocrx_word' id='word_1_368' title='bbox 887 514 937 571; x_wconf 87' lang='lat' dir='ltr'><strong>tati</strong></span> <span class='ocrx_word' id='word_1_369' title='bbox 951 533 1005 588; x_wconf 88' lang='lat' dir='ltr'><strong>ego</strong></span> <span class='ocrx_word' id='word_1_370' title='bbox 1020 534 1136 591; x_wconf 88' lang='lat' dir='ltr'><strong>possum</strong></span> <span class='ocrx_word' id='word_1_371' title='bbox 1154 534 1217 572; x_wconf 88' lang='lat' dir='ltr'><strong>esse</strong></span> <span class='ocrx_word' id='word_1_372' title='bbox 1230 517 1413 574; x_wconf 85' lang='lat' dir='ltr'><strong>contrarius?</strong></span> <span class='ocrx_word' id='word_1_373' title='bbox 1431 517 1493 574; x_wconf 90' lang='lat' dir='ltr'><strong>lmo</strong></span> <span class='ocrx_word' id='word_1_374' title='bbox 1508 530 1590 594; x_wconf 91' lang='lat' dir='ltr'><strong>opto,</strong></span> <span class='ocrx_word' id='word_1_375' title='bbox 1605 521 1676 595; x_wconf 90' lang='lat' dir='ltr'><strong>quia</strong></span> 
     </span>
     <span class='ocr_line' id='line_1_54' title="bbox 886 612 1673 693; baseline 0.009 -26"><span class='ocrx_word' id='word_1_376' title='bbox 886 624 987 668; x_wconf 90' lang='lat' dir='ltr'><strong>notum</strong></span> <span class='ocrx_word' id='word_1_377' title='bbox 1001 612 1054 669; x_wconf 90' lang='lat' dir='ltr'><strong>leci</strong></span> <span class='ocrx_word' id='word_1_378' title='bbox 1070 633 1128 669; x_wconf 88' lang='lat' dir='ltr'><strong>nun</strong></span> <span class='ocrx_word' id='word_1_379' title='bbox 1142 632 1187 669; x_wconf 90' lang='lat' dir='ltr'><strong>me</strong></span> <span class='ocrx_word' id='word_1_380' title='bbox 1197 612 1397 691; x_wconf 88' lang='lat' dir='ltr'><strong>depositurum</strong></span> <span class='ocrx_word' id='word_1_381' title='bbox 1410 614 1532 685; x_wconf 91' lang='lat' dir='ltr'><strong>luctum,</strong></span> <span class='ocrx_word' id='word_1_382' title='bbox 1546 617 1576 672; x_wconf 94' lang='lat' dir='ltr'><strong>ni</strong></span> <span class='ocrx_word' id='word_1_383' title='bbox 1589 619 1673 693; x_wconf 91' lang='lat' dir='ltr'><strong>prius</strong></span> 
     </span>
     <span class='ocr_line' id='line_1_55' title="bbox 887 706 1671 788; baseline 0.009 -25"><span class='ocrx_word' id='word_1_384' title='bbox 887 706 974 763; x_wconf 88' lang='lat' dir='ltr'><strong>filiam</strong></span> <span class='ocrx_word' id='word_1_385' title='bbox 988 726 1080 765; x_wconf 90' lang='lat' dir='ltr'><strong>meam</strong></span> <span class='ocrx_word' id='word_1_386' title='bbox 1093 709 1198 786; x_wconf 92' lang='lat' dir='ltr'><strong>nuptui</strong></span> <span class='ocrx_word' id='word_1_387' title='bbox 1211 709 1368 767; x_wconf 88' lang='lat' dir='ltr'><strong>tradidero.</strong></span> <span class='ocrx_word' id='word_1_388' title='bbox 1388 710 1449 768; x_wconf 87' lang='lat' dir='ltr'><strong>lloc</strong></span> <span class='ocrx_word' id='word_1_389' title='bbox 1461 724 1570 769; x_wconf 89' lang='lat' dir='ltr'><strong>tantum</strong></span> <span class='ocrx_word' id='word_1_390' title='bbox 1587 733 1671 788; x_wconf 88' lang='lat' dir='ltr'><strong>rogo,</strong></span> 
     </span>
    </p>
   </div>
   <div class='ocr_carea' id='block_1_7' title="bbox 886 804 1704 961">
    <p class='ocr_par' dir='ltr' id='par_1_7' title="bbox 886 804 1704 961">
     <span class='ocr_line' id='line_1_56' title="bbox 886 804 1704 885; baseline 0.009 -24"><span class='ocrx_word' id='word_1_391' title='bbox 886 817 918 862; x_wconf 94' lang='lat' dir='ltr'><strong>ut</strong></span> <span class='ocrx_word' id='word_1_392' title='bbox 930 804 990 863; x_wconf 88' lang='lat' dir='ltr'><strong>filia</strong></span> <span class='ocrx_word' id='word_1_393' title='bbox 1000 825 1064 863; x_wconf 88' lang='lat' dir='ltr'><strong>mea</strong></span> <span class='ocrx_word' id='word_1_394' title='bbox 1078 805 1113 863; x_wconf 91' lang='lat' dir='ltr'><strong>de</strong></span> <span class='ocrx_word' id='word_1_395' title='bbox 1127 806 1182 864; x_wconf 91' lang='lat' dir='ltr'><strong>hoc</strong></span> <span class='ocrx_word' id='word_1_396' title='bbox 1202 806 1305 865; x_wconf 90' lang='lat' dir='ltr'><strong>lenone</strong></span> <span class='ocrx_word' id='word_1_397' title='bbox 1318 807 1498 881; x_wconf 87' lang='lat' dir='ltr'><strong>vindicetur,</strong></span> <span class='ocrx_word' id='word_1_398' title='bbox 1515 828 1601 885; x_wconf 91' lang='lat' dir='ltr'><strong>quem</strong></span> <span class='ocrx_word' id='word_1_399' title='bbox 1613 829 1675 868; x_wconf 90' lang='lat' dir='ltr'><strong>sus·</strong></span> <span class='ocrx_word' id='word_1_400' title='bbox 1691 840 1704 878; x_wconf 65' lang='grc' dir='ltr'>ι</span> 
     </span>
     <span class='ocr_line' id='line_1_57' title="bbox 888 900 1156 961; baseline 0.019 -5"><span class='ocrx_word' id='word_1_401' title='bbox 888 901 976 958; x_wconf 90' lang='lat' dir='ltr'><strong>tinuit</strong></span> <span class='ocrx_word' id='word_1_402' title='bbox 990 900 1156 961; x_wconf 87' lang='lat' dir='ltr'><strong>inimicum.</strong></span> 
     </span>
    </p>
   </div>
   <div class='ocr_carea' id='block_1_8' title="bbox 1125 1057 1429 1124">
    <p class='ocr_par' dir='ltr' id='par_1_8' title="bbox 1125 1057 1429 1124">
     <span class='ocr_line' id='line_1_58' title="bbox 1125 1057 1429 1124; baseline 0 -2"><span class='ocrx_word' id='word_1_403' title='bbox 1125 1057 1220 1122; x_wconf 77' lang='lat' dir='ltr'><strong>CAP.</strong></span> <span class='ocrx_word' id='word_1_404' title='bbox 1256 1057 1429 1124; x_wconf 87' lang='lat' dir='ltr'><strong>XXXVll.</strong></span> 
     </span>
    </p>
   </div>
   <div class='ocr_carea' id='block_1_9' title="bbox 888 1211 1726 4553">
    <p class='ocr_par' dir='ltr' id='par_1_9' title="bbox 888 1211 1726 4553">
     <span class='ocr_line' id='line_1_59' title="bbox 930 1211 1676 1290; baseline 0.011 -22"><span class='ocrx_word' id='word_1_405' title='bbox 930 1211 981 1269; x_wconf 85' lang='lat' dir='ltr'><strong>llis</strong></span> <span class='ocrx_word' id='word_1_406' title='bbox 1010 1213 1135 1289; x_wconf 87' lang='lat' dir='ltr'><strong>auditis,</strong></span> <span class='ocrx_word' id='word_1_407' title='bbox 1160 1215 1354 1290; x_wconf 76' lang='lat' dir='ltr'><strong>Antinagoras</strong></span> <span class='ocrx_word' id='word_1_408' title='bbox 1381 1215 1468 1274; x_wconf 90' lang='lat' dir='ltr'><strong>citius</strong></span> <span class='ocrx_word' id='word_1_409' title='bbox 1491 1219 1621 1276; x_wconf 87' lang='lat' dir='ltr'><strong>cucurrit</strong></span> <span class='ocrx_word' id='word_1_410' title='bbox 1641 1219 1676 1275; x_wconf 89' lang='lat' dir='ltr'><strong>ad</strong></span> 
     </span>
     <span class='ocr_line' id='line_1_60' title="bbox 888 1308 1677 1388; baseline 0.009 -23"><span class='ocrx_word' id='word_1_411' title='bbox 888 1308 1010 1366; x_wconf 89' lang='lat' dir='ltr'><strong>curiam.</strong></span> <span class='ocrx_word' id='word_1_412' title='bbox 1031 1308 1066 1366; x_wconf 84' lang='lat' dir='ltr'><strong>Et</strong></span> <span class='ocrx_word' id='word_1_413' title='bbox 1084 1312 1251 1370; x_wconf 85' lang='lat' dir='ltr'><strong>convocatis</strong></span> <span class='ocrx_word' id='word_1_414' title='bbox 1275 1312 1459 1388; x_wconf 90' lang='lat' dir='ltr'><strong>magnatibus</strong></span> <span class='ocrx_word' id='word_1_415' title='bbox 1483 1315 1614 1372; x_wconf 90' lang='lat' dir='ltr'><strong>omnium</strong></span> <span class='ocrx_word' id='word_1_416' title='bbox 1632 1318 1677 1372; x_wconf 92' lang='lat' dir='ltr'><strong>ci-</strong></span> 
     </span>
     <span class='ocr_line' id='line_1_61' title="bbox 889 1405 1717 1486; baseline 0.011 -25"><span class='ocrx_word' id='word_1_417' title='bbox 889 1405 1028 1478; x_wconf 89' lang='lat' dir='ltr'><strong>vitatum,</strong></span> <span class='ocrx_word' id='word_1_418' title='bbox 1045 1407 1220 1466; x_wconf 87' lang='lat' dir='ltr'><strong>exclamavit</strong></span> <span class='ocrx_word' id='word_1_419' title='bbox 1241 1429 1314 1467; x_wconf 86' lang='lat' dir='ltr'><strong>voce</strong></span> <span class='ocrx_word' id='word_1_420' title='bbox 1328 1429 1445 1486; x_wconf 88' lang='lat' dir='ltr'><strong>magna,</strong></span> <span class='ocrx_word' id='word_1_421' title='bbox 1465 1409 1565 1469; x_wconf 91' lang='lat' dir='ltr'><strong>dicens</strong></span> <span class='ocrx_word' id='word_1_422' title='bbox 1580 1433 1586 1468; x_wconf 91' lang='lat'>:</span> <span class='ocrx_word' id='word_1_423' title='bbox 1603 1411 1676 1470; x_wconf 83' lang='lat' dir='ltr'><strong>Cur·</strong></span> <span class='ocrx_word' id='word_1_424' title='bbox 1695 1428 1717 1462; x_wconf 68' lang='grc' dir='ltr'><strong>ιιι</strong></span> 
     </span>
     <span class='ocr_line' id='line_1_62' title="bbox 889 1503 1675 1587; baseline 0.01 -28"><span class='ocrx_word' id='word_1_425' title='bbox 889 1504 953 1574; x_wconf 88' lang='lat' dir='ltr'><strong>rite,</strong></span> <span class='ocrx_word' id='word_1_426' title='bbox 975 1503 1055 1563; x_wconf 88' lang='lat' dir='ltr'><strong>cives</strong></span> <span class='ocrx_word' id='word_1_427' title='bbox 1077 1506 1222 1583; x_wconf 89' lang='lat' dir='ltr'><strong>piissimi,</strong></span> <span class='ocrx_word' id='word_1_428' title='bbox 1250 1506 1403 1566; x_wconf 87' lang='lat' dir='ltr'><strong>subvenite</strong></span> <span class='ocrx_word' id='word_1_429' title='bbox 1418 1507 1546 1580; x_wconf 87' lang='lat' dir='ltr'><strong>civitati,</strong></span> <span class='ocrx_word' id='word_1_430' title='bbox 1570 1528 1606 1567; x_wconf 91' lang='lat' dir='ltr'><strong>ne</strong></span> <span class='ocrx_word' id='word_1_431' title='bbox 1622 1529 1675 1587; x_wconf 87' lang='lat' dir='ltr'><strong>pe·</strong></span> 
     </span>
     <span class='ocr_line' id='line_1_63' title="bbox 890 1605 1677 1681; baseline 0.008 -23"><span class='ocrx_word' id='word_1_432' title='bbox 890 1615 951 1659; x_wconf 90' lang='lat' dir='ltr'><strong>reat</strong></span> <span class='ocrx_word' id='word_1_433' title='bbox 982 1616 1103 1681; x_wconf 90' lang='lat' dir='ltr'><strong>propter</strong></span> <span class='ocrx_word' id='word_1_434' title='bbox 1127 1624 1217 1663; x_wconf 93' lang='lat' dir='ltr'><strong>unum</strong></span> <span class='ocrx_word' id='word_1_435' title='bbox 1245 1606 1389 1663; x_wconf 77' lang='lat' dir='ltr'><strong>infamem.</strong></span> <span class='ocrx_word' id='word_1_436' title='bbox 1417 1610 1454 1663; x_wconf 79' lang='lat' dir='ltr'><strong>At</strong></span> <span class='ocrx_word' id='word_1_437' title='bbox 1485 1605 1536 1663; x_wconf 92' lang='lat' dir='ltr'><strong>ubi</strong></span> <span class='ocrx_word' id='word_1_438' title='bbox 1567 1606 1677 1664; x_wconf 91' lang='lat' dir='ltr'><strong>dictum</strong></span> 
     </span>
     <span class='ocr_line' id='line_1_64' title="bbox 890 1701 1676 1780; baseline 0.008 -25"><span class='ocrx_word' id='word_1_439' title='bbox 890 1711 942 1770; x_wconf 90' lang='lat' dir='ltr'><strong>est,</strong></span> <span class='ocrx_word' id='word_1_440' title='bbox 966 1711 995 1757; x_wconf 89' lang='lat' dir='ltr'><strong>et</strong></span> <span class='ocrx_word' id='word_1_441' title='bbox 1015 1701 1209 1777; x_wconf 77' lang='lat' dir='ltr'><strong>Antinagoras</strong></span> <span class='ocrx_word' id='word_1_442' title='bbox 1231 1703 1369 1780; x_wconf 91' lang='lat' dir='ltr'><strong>princeps</strong></span> <span class='ocrx_word' id='word_1_443' title='bbox 1396 1701 1451 1759; x_wconf 87' lang='lat' dir='ltr'><strong>hac</strong></span> <span class='ocrx_word' id='word_1_444' title='bbox 1472 1722 1544 1760; x_wconf 81' lang='lat' dir='ltr'><strong>voce</strong></span> <span class='ocrx_word' id='word_1_445' title='bbox 1559 1704 1591 1760; x_wconf 92' lang='lat' dir='ltr'><strong>in</strong></span> <span class='ocrx_word' id='word_1_446' title='bbox 1613 1704 1676 1761; x_wconf 87' lang='lat' dir='ltr'><strong>loro</strong></span> 
     </span>
     <span class='ocr_line' id='line_1_65' title="bbox 891 1795 1675 1874; baseline 0.005 -22"><span class='ocrx_word' id='word_1_447' title='bbox 891 1795 1036 1868; x_wconf 87' lang='lat' dir='ltr'><strong>clamavit,</strong></span> <span class='ocrx_word' id='word_1_448' title='bbox 1057 1816 1217 1855; x_wconf 88' lang='lat' dir='ltr'><strong>concursus</strong></span> <span class='ocrx_word' id='word_1_449' title='bbox 1237 1798 1339 1874; x_wconf 88' lang='lat' dir='ltr'><strong>ingens</strong></span> <span class='ocrx_word' id='word_1_450' title='bbox 1360 1798 1451 1857; x_wconf 90' lang='lat' dir='ltr'><strong>lactus</strong></span> <span class='ocrx_word' id='word_1_451' title='bbox 1468 1811 1527 1871; x_wconf 82' lang='lat' dir='ltr'><strong>est3</strong></span> <span class='ocrx_word' id='word_1_452' title='bbox 1547 1810 1575 1856; x_wconf 90' lang='lat' dir='ltr'><strong>et</strong></span> <span class='ocrx_word' id='word_1_453' title='bbox 1596 1812 1675 1856; x_wconf 87' lang='lat' dir='ltr'><strong>tanta</strong></span> 
     </span>
     <span class='ocr_line' id='line_1_66' title="bbox 891 1894 1719 1972; baseline 0.007 -23"><span class='ocrx_word' id='word_1_454' title='bbox 891 1894 1048 1952; x_wconf 89' lang='lat' dir='ltr'><strong>commotio</strong></span> <span class='ocrx_word' id='word_1_455' title='bbox 1064 1894 1168 1972; x_wconf 90' lang='lat' dir='ltr'><strong>populi</strong></span> <span class='ocrx_word' id='word_1_456' title='bbox 1184 1894 1259 1964; x_wconf 84' lang='lat' dir='ltr'><strong>tuit,</strong></span> <span class='ocrx_word' id='word_1_457' title='bbox 1281 1908 1314 1952; x_wconf 92' lang='lat' dir='ltr'><strong>ut</strong></span> <span class='ocrx_word' id='word_1_458' title='bbox 1334 1895 1364 1952; x_wconf 92' lang='lat' dir='ltr'><strong>in</strong></span> <span class='ocrx_word' id='word_1_459' title='bbox 1380 1896 1468 1954; x_wconf 91' lang='lat' dir='ltr'><strong>domu</strong></span> <span class='ocrx_word' id='word_1_460' title='bbox 1485 1916 1538 1955; x_wconf 90' lang='lat' dir='ltr'><strong>sua</strong></span> <span class='ocrx_word' id='word_1_461' title='bbox 1559 1915 1612 1954; x_wconf 92' lang='lat' dir='ltr'><strong>nec</strong></span> <span class='ocrx_word' id='word_1_462' title='bbox 1632 1899 1680 1955; x_wconf 87' lang='lat' dir='ltr'><strong>vir</strong></span> <span class='ocrx_word' id='word_1_463' title='bbox 1696 1910 1719 1947; x_wconf 74' lang='lat'><strong>¹⁵</strong></span> 
     </span>
     <span class='ocr_line' id='line_1_67' title="bbox 891 1988 1675 2050; baseline 0.008 -6"><span class='ocrx_word' id='word_1_464' title='bbox 891 2005 944 2045; x_wconf 92' lang='lat' dir='ltr'><strong>nec</strong></span> <span class='ocrx_word' id='word_1_465' title='bbox 959 1988 1067 2047; x_wconf 81' lang='lat' dir='ltr'><strong>femina</strong></span> <span class='ocrx_word' id='word_1_466' title='bbox 1082 1990 1277 2048; x_wconf 88' lang='lat' dir='ltr'><strong>remansisset.</strong></span> <span class='ocrx_word' id='word_1_467' title='bbox 1289 1989 1434 2049; x_wconf 92' lang='lat' dir='ltr'><strong>Omnibus</strong></span> <span class='ocrx_word' id='word_1_468' title='bbox 1446 2005 1541 2050; x_wconf 89' lang='lat' dir='ltr'><strong>nutem</strong></span> <span class='ocrx_word' id='word_1_469' title='bbox 1555 2010 1675 2050; x_wconf 87' lang='lat' dir='ltr'><strong>curren·</strong></span> 
     </span>
     <span class='ocr_line' id='line_1_68' title="bbox 893 2079 1679 2164; baseline 0.008 -25"><span class='ocrx_word' id='word_1_470' title='bbox 893 2079 972 2140; x_wconf 91' lang='lat' dir='ltr'><strong>tibus</strong></span> <span class='ocrx_word' id='word_1_471' title='bbox 984 2103 1089 2159; x_wconf 87' lang='lat' dir='ltr'><strong>magna</strong></span> <span class='ocrx_word' id='word_1_472' title='bbox 1103 2103 1175 2141; x_wconf 89' lang='lat' dir='ltr'><strong>voce</strong></span> <span class='ocrx_word' id='word_1_473' title='bbox 1190 2084 1266 2141; x_wconf 83' lang='lat' dir='ltr'><strong>dixit</strong></span> <span class='ocrx_word' id='word_1_474' title='bbox 1281 2106 1288 2141; x_wconf 91' lang='lat'>:</span> <span class='ocrx_word' id='word_1_475' title='bbox 1309 2084 1396 2144; x_wconf 86' lang='lat' dir='ltr'><strong>Cives</strong></span> <span class='ocrx_word' id='word_1_476' title='bbox 1411 2086 1558 2164; x_wconf 83' lang='lat' dir='ltr'><strong>Mityleni,</strong></span> <span class='ocrx_word' id='word_1_477' title='bbox 1581 2086 1679 2146; x_wconf 89' lang='lat' dir='ltr'><strong>sciatis</strong></span> 
     </span>
     <span class='ocr_line' id='line_1_69' title="bbox 892 2176 1673 2257; baseline 0.009 -23"><span class='ocrx_word' id='word_1_478' title='bbox 892 2176 917 2234; x_wconf 85' lang='lat' dir='ltr'>T</span> <span class='ocrx_word' id='word_1_479' title='bbox 918 2179 1015 2255; x_wconf 86' lang='lat' dir='ltr'><strong>yrium</strong></span> <span class='ocrx_word' id='word_1_480' title='bbox 1028 2180 1217 2257; x_wconf 75' lang='lat' dir='ltr'><strong>Apollonium</strong></span> <span class='ocrx_word' id='word_1_481' title='bbox 1230 2199 1325 2255; x_wconf 86' lang='lat' dir='ltr'><strong>regem</strong></span> <span class='ocrx_word' id='word_1_482' title='bbox 1342 2200 1480 2256; x_wconf 90' lang='lat' dir='ltr'><strong>magnum</strong></span> <span class='ocrx_word' id='word_1_483' title='bbox 1504 2181 1673 2253; x_wconf 86' lang='lat' dir='ltr'><strong>advenisse;</strong></span> 
     </span>
     <span class='ocr_line' id='line_1_70' title="bbox 891 2273 1678 2356; baseline 0.01 -25"><span class='ocrx_word' id='word_1_484' title='bbox 891 2287 920 2332; x_wconf 85' lang='lat' dir='ltr'><strong>et</strong></span> <span class='ocrx_word' id='word_1_485' title='bbox 932 2273 1038 2334; x_wconf 87' lang='lat' dir='ltr'><strong>classes</strong></span> <span class='ocrx_word' id='word_1_486' title='bbox 1052 2276 1172 2335; x_wconf 87' lang='lat' dir='ltr'><strong>navium</strong></span> <span class='ocrx_word' id='word_1_487' title='bbox 1187 2295 1253 2334; x_wconf 89' lang='lat' dir='ltr'><strong>cum</strong></span> <span class='ocrx_word' id='word_1_488' title='bbox 1270 2277 1401 2335; x_wconf 90' lang='lat' dir='ltr'><strong>exercitu</strong></span> <span class='ocrx_word' id='word_1_489' title='bbox 1419 2280 1619 2356; x_wconf 84' lang='lat' dir='ltr'><strong>proximantes</strong></span> <span class='ocrx_word' id='word_1_490' title='bbox 1629 2299 1678 2340; x_wconf 88' lang='lat' dir='ltr'><strong>re-</strong></span> 
     </span>
     <span class='ocr_line' id='line_1_71' title="bbox 894 2370 1722 2453; baseline 0.01 -27"><span class='ocrx_word' id='word_1_491' title='bbox 894 2389 1022 2428; x_wconf 86' lang='lat' dir='ltr'><strong>versurae</strong></span> <span class='ocrx_word' id='word_1_492' title='bbox 1040 2384 1107 2430; x_wconf 91' lang='lat' dir='ltr'><strong>sunt</strong></span> <span class='ocrx_word' id='word_1_493' title='bbox 1124 2372 1155 2429; x_wconf 94' lang='lat' dir='ltr'><strong>in</strong></span> <span class='ocrx_word' id='word_1_494' title='bbox 1170 2370 1336 2447; x_wconf 86' lang='lat' dir='ltr'><strong>civitatem,</strong></span> <span class='ocrx_word' id='word_1_495' title='bbox 1351 2371 1465 2431; x_wconf 90' lang='lat' dir='ltr'><strong>lenonis</strong></span> <span class='ocrx_word' id='word_1_496' title='bbox 1486 2393 1587 2448; x_wconf 91' lang='lat' dir='ltr'><strong>causa,</strong></span> <span class='ocrx_word' id='word_1_497' title='bbox 1609 2377 1679 2453; x_wconf 88' lang='lat' dir='ltr'><strong>quia</strong></span> <span class='ocrx_word' id='word_1_498' title='bbox 1696 2386 1722 2424; x_wconf 74' lang='lat'><strong>²⁰</strong></span> 
     </span>
     <span class='ocr_line' id='line_1_72' title="bbox 892 2465 1676 2549; baseline 0.008 -26"><span class='ocrx_word' id='word_1_499' title='bbox 892 2465 917 2523; x_wconf 91' lang='grc' dir='ltr'>Τ</span> <span class='ocrx_word' id='word_1_500' title='bbox 919 2467 1024 2525; x_wconf 82' lang='lat' dir='ltr'><strong>arsiam</strong></span> <span class='ocrx_word' id='word_1_501' title='bbox 1040 2467 1129 2525; x_wconf 87' lang='lat' dir='ltr'><strong>filiam</strong></span> <span class='ocrx_word' id='word_1_502' title='bbox 1146 2466 1210 2544; x_wconf 86' lang='lat' dir='ltr'><strong>ejus</strong></span> <span class='ocrx_word' id='word_1_503' title='bbox 1230 2469 1316 2538; x_wconf 94' lang='lat' dir='ltr'><strong>emit,</strong></span> <span class='ocrx_word' id='word_1_504' title='bbox 1338 2470 1535 2546; x_wconf 90' lang='lat' dir='ltr'><strong>constituique</strong></span> <span class='ocrx_word' id='word_1_505' title='bbox 1548 2471 1580 2529; x_wconf 94' lang='lat' dir='ltr'><strong>in</strong></span> <span class='ocrx_word' id='word_1_506' title='bbox 1592 2471 1676 2549; x_wconf 91' lang='lat' dir='ltr'><strong>lupa·</strong></span> 
     </span>
     <span class='ocr_line' id='line_1_73' title="bbox 893 2562 1678 2638; baseline 0.009 -19"><span class='ocrx_word' id='word_1_507' title='bbox 893 2562 968 2619; x_wconf 89' lang='lat' dir='ltr'><strong>nari.</strong></span> <span class='ocrx_word' id='word_1_508' title='bbox 986 2562 1024 2620; x_wconf 90' lang='lat' dir='ltr'><strong>Ut</strong></span> <span class='ocrx_word' id='word_1_509' title='bbox 1035 2582 1105 2638; x_wconf 87' lang='lat' dir='ltr'><strong>ergo</strong></span> <span class='ocrx_word' id='word_1_510' title='bbox 1120 2563 1249 2621; x_wconf 87' lang='lat' dir='ltr'><strong>salvetur</strong></span> <span class='ocrx_word' id='word_1_511' title='bbox 1260 2563 1376 2635; x_wconf 88' lang='lat' dir='ltr'><strong>civitas,</strong></span> <span class='ocrx_word' id='word_1_512' title='bbox 1389 2564 1549 2624; x_wconf 87' lang='lat' dir='ltr'><strong>deducatur</strong></span> <span class='ocrx_word' id='word_1_513' title='bbox 1560 2567 1596 2625; x_wconf 92' lang='lat' dir='ltr'><strong>ad</strong></span> <span class='ocrx_word' id='word_1_514' title='bbox 1612 2588 1678 2626; x_wconf 88' lang='lat' dir='ltr'><strong>eum</strong></span> 
     </span>
     <span class='ocr_line' id='line_1_74' title="bbox 893 2657 1678 2735; baseline 0.01 -21"><span class='ocrx_word' id='word_1_515' title='bbox 893 2657 977 2734; x_wconf 91' lang='lat' dir='ltr'><strong>leno,</strong></span> <span class='ocrx_word' id='word_1_516' title='bbox 999 2657 1130 2735; x_wconf 77' lang='lat' dir='ltr'><strong>dequo*</strong></span> <span class='ocrx_word' id='word_1_517' title='bbox 1148 2678 1179 2717; x_wconf 89' lang='lat' dir='ltr'><strong>se</strong></span> <span class='ocrx_word' id='word_1_518' title='bbox 1200 2657 1346 2732; x_wconf 69' lang='lat' dir='ltr'><strong>uindicet3</strong></span> <span class='ocrx_word' id='word_1_519' title='bbox 1366 2673 1395 2717; x_wconf 89' lang='lat' dir='ltr'><strong>et</strong></span> <span class='ocrx_word' id='word_1_520' title='bbox 1410 2680 1469 2719; x_wconf 89' lang='lat' dir='ltr'><strong>non</strong></span> <span class='ocrx_word' id='word_1_521' title='bbox 1489 2675 1548 2720; x_wconf 91' lang='lat' dir='ltr'><strong>tota</strong></span> <span class='ocrx_word' id='word_1_522' title='bbox 1574 2664 1678 2722; x_wconf 86' lang='lat' dir='ltr'><strong>civitas</strong></span> 
     </span>
     <span class='ocr_line' id='line_1_75' title="bbox 895 2755 1680 2837; baseline 0.011 -26"><span class='ocrx_word' id='word_1_523' title='bbox 895 2768 1005 2832; x_wconf 87' lang='lat' dir='ltr'><strong>pereat.</strong></span> <span class='ocrx_word' id='word_1_524' title='bbox 1031 2755 1083 2813; x_wconf 85' lang='lat' dir='ltr'><strong>ldis</strong></span> <span class='ocrx_word' id='word_1_525' title='bbox 1115 2756 1241 2833; x_wconf 88' lang='lat' dir='ltr'><strong>auditis,</strong></span> <span class='ocrx_word' id='word_1_526' title='bbox 1267 2758 1318 2834; x_wconf 90' lang='lat' dir='ltr'><strong>qui</strong></span> <span class='ocrx_word' id='word_1_527' title='bbox 1343 2758 1374 2815; x_wconf 95' lang='lat' dir='ltr'><strong>in</strong></span> <span class='ocrx_word' id='word_1_528' title='bbox 1398 2760 1517 2818; x_wconf 87' lang='lat' dir='ltr'><strong>civitate</strong></span> <span class='ocrx_word' id='word_1_529' title='bbox 1540 2759 1680 2837; x_wconf 85' lang='lat' dir='ltr'><strong>Mitylena</strong></span> 
     </span>
     <span class='ocr_line' id='line_1_76' title="bbox 893 2852 1725 2929; baseline 0.011 -21"><span class='ocrx_word' id='word_1_530' title='bbox 893 2864 990 2922; x_wconf 90' lang='lat' dir='ltr'><strong>crant,</strong></span> <span class='ocrx_word' id='word_1_531' title='bbox 1012 2852 1294 2929; x_wconf 86' lang='lat' dir='ltr'><strong>comprehenderunt</strong></span> <span class='ocrx_word' id='word_1_532' title='bbox 1316 2853 1466 2926; x_wconf 89' lang='lat' dir='ltr'><strong>lenonem;</strong></span> <span class='ocrx_word' id='word_1_533' title='bbox 1492 2870 1521 2914; x_wconf 89' lang='lat' dir='ltr'><strong>et</strong></span> <span class='ocrx_word' id='word_1_534' title='bbox 1543 2858 1650 2916; x_wconf 88' lang='lat' dir='ltr'><strong>vinctis</strong></span> <span class='ocrx_word' id='word_1_535' title='bbox 1665 2878 1681 2916; x_wconf 93' lang='lat' dir='ltr'><strong>a</strong></span> <span class='ocrx_word' id='word_1_536' title='bbox 1699 2867 1725 2907; x_wconf 70' lang='lat'><strong>²⁵</strong></span> 
     </span>
     <span class='ocr_line' id='line_1_77' title="bbox 895 2933 1680 3023; baseline 0.01 -19"><span class='ocrx_word' id='word_1_537' title='bbox 895 2961 975 3023; x_wconf 88' lang='lat' dir='ltr'><strong>tergo</strong></span> <span class='ocrx_word' id='word_1_538' title='bbox 992 2948 1147 3020; x_wconf 90' lang='lat' dir='ltr'><strong>manibus,</strong></span> <span class='ocrx_word' id='word_1_539' title='bbox 1164 2949 1201 3006; x_wconf 93' lang='lat' dir='ltr'><strong>ad</strong></span> <span class='ocrx_word' id='word_1_540' title='bbox 1223 2949 1318 3007; x_wconf 84' lang='lat' dir='ltr'><strong>iorum</strong></span> <span class='ocrx_word' id='word_1_541' title='bbox 1330 2953 1345 2982; x_wconf 65' lang='lat'>⁸</span> <span class='ocrx_word' id='word_1_542' title='bbox 1360 2948 1479 3010; x_wconf 92' lang='lat' dir='ltr'><strong>abauris</strong></span> <span class='ocrx_word' id='word_1_543' title='bbox 1493 2951 1619 3010; x_wconf 87' lang='lat' dir='ltr'><strong>ducitur.</strong></span> <span class='ocrx_word' id='word_1_544' title='bbox 1636 2933 1680 3013; x_wconf 68' lang='lat' dir='ltr'><strong>p„</strong></span> 
     </span>
     <span class='ocr_line' id='line_1_78' title="bbox 895 3044 1681 3127; baseline 0.009 -25"><span class='ocrx_word' id='word_1_545' title='bbox 895 3044 1021 3102; x_wconf 88' lang='lat' dir='ltr'><strong>tribunal</strong></span> <span class='ocrx_word' id='word_1_546' title='bbox 1047 3046 1166 3121; x_wconf 85' lang='lat' dir='ltr'><strong>ingens;</strong></span> <span class='ocrx_word' id='word_1_547' title='bbox 1193 3058 1222 3103; x_wconf 94' lang='lat' dir='ltr'><strong>et</strong></span> <span class='ocrx_word' id='word_1_548' title='bbox 1250 3047 1426 3124; x_wconf 78' lang='lat' dir='ltr'><strong>Apollonius</strong></span> <span class='ocrx_word' id='word_1_549' title='bbox 1452 3048 1571 3107; x_wconf 91' lang='lat' dir='ltr'><strong>indutus</strong></span> <span class='ocrx_word' id='word_1_550' title='bbox 1602 3052 1681 3127; x_wconf 83' lang='lat' dir='ltr'><strong>regia</strong></span> 
     </span>
     <span class='ocr_line' id='line_1_79' title="bbox 895 3144 1681 3224; baseline 0.014 -28"><span class='ocrx_word' id='word_1_551' title='bbox 895 3156 991 3214; x_wconf 85' lang='lat' dir='ltr'><strong>veste,</strong></span> <span class='ocrx_word' id='word_1_552' title='bbox 1006 3154 1090 3201; x_wconf 89' lang='lat' dir='ltr'><strong>tonso</strong></span> <span class='ocrx_word' id='word_1_553' title='bbox 1100 3144 1212 3221; x_wconf 89' lang='lat' dir='ltr'><strong>capite,</strong></span> <span class='ocrx_word' id='word_1_554' title='bbox 1226 3144 1306 3202; x_wconf 93' lang='lat' dir='ltr'><strong>omni</strong></span> <span class='ocrx_word' id='word_1_555' title='bbox 1317 3164 1374 3223; x_wconf 91' lang='lat' dir='ltr'><strong>que</strong></span> <span class='ocrx_word' id='word_1_556' title='bbox 1389 3145 1523 3224; x_wconf 88' lang='lat' dir='ltr'><strong>deposito</strong></span> <span class='ocrx_word' id='word_1_557' title='bbox 1533 3149 1681 3224; x_wconf 86' lang='lat' dir='ltr'><strong>squalore,</strong></span> 
     </span>
     <span class='ocr_line' id='line_1_80' title="bbox 896 3238 1680 3316; baseline 0.01 -20"><span class='ocrx_word' id='word_1_558' title='bbox 896 3252 924 3296; x_wconf 88' lang='lat' dir='ltr'><strong>et</strong></span> <span class='ocrx_word' id='word_1_559' title='bbox 938 3238 1100 3298; x_wconf 87' lang='lat' dir='ltr'><strong>diademate</strong></span> <span class='ocrx_word' id='word_1_560' title='bbox 1113 3241 1227 3316; x_wconf 90' lang='lat' dir='ltr'><strong>cincto,</strong></span> <span class='ocrx_word' id='word_1_561' title='bbox 1243 3262 1308 3299; x_wconf 91' lang='lat' dir='ltr'><strong>cum</strong></span> <span class='ocrx_word' id='word_1_562' title='bbox 1333 3243 1393 3300; x_wconf 87' lang='lat' dir='ltr'><strong>lilia</strong></span> <span class='ocrx_word' id='word_1_563' title='bbox 1415 3263 1467 3301; x_wconf 91' lang='lat' dir='ltr'><strong>sua</strong></span> <span class='ocrx_word' id='word_1_564' title='bbox 1484 3244 1615 3303; x_wconf 89' lang='lat' dir='ltr'><strong>tribunal</strong></span> <span class='ocrx_word' id='word_1_565' title='bbox 1636 3267 1680 3304; x_wconf 88' lang='lat' dir='ltr'><strong>as·</strong></span> 
     </span>
     <span class='ocr_line' id='line_1_81' title="bbox 895 3332 1725 3415; baseline 0.01 -23"><span class='ocrx_word' id='word_1_566' title='bbox 895 3332 1009 3407; x_wconf 88' lang='lat' dir='ltr'><strong>cendit;</strong></span> <span class='ocrx_word' id='word_1_567' title='bbox 1030 3348 1058 3393; x_wconf 90' lang='lat' dir='ltr'><strong>et</strong></span> <span class='ocrx_word' id='word_1_568' title='bbox 1071 3349 1173 3394; x_wconf 89' lang='lat' dir='ltr'><strong>tenens</strong></span> <span class='ocrx_word' id='word_1_569' title='bbox 1187 3355 1249 3394; x_wconf 90' lang='lat' dir='ltr'><strong>eam</strong></span> <span class='ocrx_word' id='word_1_570' title='bbox 1265 3337 1296 3394; x_wconf 92' lang='lat' dir='ltr'><strong>in</strong></span> <span class='ocrx_word' id='word_1_571' title='bbox 1311 3338 1465 3415; x_wconf 87' lang='lat' dir='ltr'><strong>amplexu,</strong></span> <span class='ocrx_word' id='word_1_572' title='bbox 1482 3359 1578 3398; x_wconf 88' lang='lat' dir='ltr'><strong>coram</strong></span> <span class='ocrx_word' id='word_1_573' title='bbox 1599 3361 1680 3400; x_wconf 86' lang='lat' dir='ltr'><strong>omni</strong></span> <span class='ocrx_word' id='word_1_574' title='bbox 1698 3348 1725 3387; x_wconf 73' lang='lat'><strong>³⁴³</strong></span> 
     </span>
     <span class='ocr_line' id='line_1_82' title="bbox 896 3430 1678 3510; baseline 0.008 -22"><span class='ocrx_word' id='word_1_575' title='bbox 896 3430 1023 3508; x_wconf 89' lang='lat' dir='ltr'><strong>populo,</strong></span> <span class='ocrx_word' id='word_1_576' title='bbox 1041 3431 1180 3508; x_wconf 82' lang='lat' dir='ltr'><strong>lacrymis</strong></span> <span class='ocrx_word' id='word_1_577' title='bbox 1196 3431 1410 3509; x_wconf 86' lang='lat' dir='ltr'><strong>impediebatur</strong></span> <span class='ocrx_word' id='word_1_578' title='bbox 1425 3434 1507 3510; x_wconf 90' lang='lat' dir='ltr'><strong>loqui</strong></span> <span class='ocrx_word' id='word_1_579' title='bbox 1518 3434 1539 3492; x_wconf 80' lang='lat'><strong>¹.</strong></span> <span class='ocrx_word' id='word_1_580' title='bbox 1556 3437 1678 3494; x_wconf 80' lang='lat' dir='ltr'><strong>Antina·</strong></span> 
     </span>
     <span class='ocr_line' id='line_1_83' title="bbox 895 3528 1701 3608; baseline 0.007 -22"><span class='ocrx_word' id='word_1_581' title='bbox 895 3547 981 3605; x_wconf 88' lang='lat' dir='ltr'><strong>goras</strong></span> <span class='ocrx_word' id='word_1_582' title='bbox 994 3528 1046 3586; x_wconf 83' lang='lat' dir='ltr'><strong>vix</strong></span> <span class='ocrx_word' id='word_1_583' title='bbox 1058 3548 1146 3587; x_wconf 89' lang='lat' dir='ltr'><strong>manu</strong></span> <span class='ocrx_word' id='word_1_584' title='bbox 1158 3529 1283 3608; x_wconf 87' lang='lat' dir='ltr'><strong>imperat</strong></span> <span class='ocrx_word' id='word_1_585' title='bbox 1297 3529 1377 3608; x_wconf 89' lang='lat' dir='ltr'><strong>plebi</strong></span> <span class='ocrx_word' id='word_1_586' title='bbox 1391 3543 1424 3589; x_wconf 92' lang='lat' dir='ltr'><strong>ut</strong></span> <span class='ocrx_word' id='word_1_587' title='bbox 1433 3543 1534 3590; x_wconf 88' lang='lat' dir='ltr'><strong>taceat.</strong></span> <span class='ocrx_word' id='word_1_588' title='bbox 1554 3533 1680 3605; x_wconf 84' lang='lat' dir='ltr'><strong>Quibus,</strong></span> <span class='ocrx_word' id='word_1_589' title='bbox 1694 3569 1701 3583; x_wconf 93' lang='lat'><strong>·</strong></span> 
     </span>
     <span class='ocr_line' id='line_1_84' title="bbox 897 3624 1683 3706; baseline 0.005 -23"><span class='ocrx_word' id='word_1_590' title='bbox 897 3624 1014 3683; x_wconf 90' lang='lat' dir='ltr'><strong>silentio</strong></span> <span class='ocrx_word' id='word_1_591' title='bbox 1038 3624 1130 3701; x_wconf 84' lang='lat' dir='ltr'><strong>iacto,</strong></span> <span class='ocrx_word' id='word_1_592' title='bbox 1157 3626 1216 3684; x_wconf 88' lang='lat' dir='ltr'><strong>ait:</strong></span> <span class='ocrx_word' id='word_1_593' title='bbox 1232 3625 1318 3683; x_wconf 84' lang='lat' dir='ltr'><strong>Cives</strong></span> <span class='ocrx_word' id='word_1_594' title='bbox 1342 3624 1491 3703; x_wconf 83' lang='lat' dir='ltr'><strong>llityleni,</strong></span> <span class='ocrx_word' id='word_1_595' title='bbox 1516 3647 1589 3704; x_wconf 90' lang='lat' dir='ltr'><strong>quos</strong></span> <span class='ocrx_word' id='word_1_596' title='bbox 1604 3630 1683 3706; x_wconf 90' lang='lat' dir='ltr'><strong>pris-</strong></span> 
     </span>
     <span class='ocr_line' id='line_1_85' title="bbox 897 3722 1683 3801; baseline 0.006 -22"><span class='ocrx_word' id='word_1_597' title='bbox 897 3723 955 3779; x_wconf 91' lang='lat' dir='ltr'><strong>tina</strong></span> <span class='ocrx_word' id='word_1_598' title='bbox 967 3723 1132 3794; x_wconf 89' lang='lat' dir='ltr'><strong>miseratio,</strong></span> <span class='ocrx_word' id='word_1_599' title='bbox 1152 3741 1230 3781; x_wconf 91' lang='lat' dir='ltr'><strong>nuuc</strong></span> <span class='ocrx_word' id='word_1_600' title='bbox 1251 3722 1404 3800; x_wconf 88' lang='lat' dir='ltr'><strong>repentina</strong></span> <span class='ocrx_word' id='word_1_601' title='bbox 1424 3723 1518 3801; x_wconf 89' lang='lat' dir='ltr'><strong>pietas</strong></span> <span class='ocrx_word' id='word_1_602' title='bbox 1532 3724 1634 3782; x_wconf 87' lang='lat' dir='ltr'><strong>eduxit</strong></span> <span class='ocrx_word' id='word_1_603' title='bbox 1652 3727 1683 3784; x_wconf 92' lang='lat' dir='ltr'><strong>in</strong></span> 
     </span>
     <span class='ocr_line' id='line_1_86' title="bbox 896 3819 1726 3904; baseline 0.007 -25"><span class='ocrx_word' id='word_1_604' title='bbox 896 3840 1005 3898; x_wconf 88' lang='lat' dir='ltr'><strong>unum,</strong></span> <span class='ocrx_word' id='word_1_605' title='bbox 1028 3821 1136 3879; x_wconf 82' lang='lat' dir='ltr'><strong>videtis</strong></span> <span class='ocrx_word' id='word_1_606' title='bbox 1153 3819 1179 3876; x_wconf 80' lang='lat' dir='ltr'><strong>&#39;l’</strong></span> <span class='ocrx_word' id='word_1_607' title='bbox 1181 3822 1286 3904; x_wconf 86' lang='lat' dir='ltr'><strong>arsiam</strong></span> <span class='ocrx_word' id='word_1_608' title='bbox 1309 3840 1325 3878; x_wconf 92' lang='lat' dir='ltr'><strong>a</strong></span> <span class='ocrx_word' id='word_1_609' title='bbox 1340 3833 1422 3899; x_wconf 92' lang='lat' dir='ltr'><strong>patre</strong></span> <span class='ocrx_word' id='word_1_610' title='bbox 1443 3841 1497 3880; x_wconf 90' lang='lat' dir='ltr'><strong>suo</strong></span> <span class='ocrx_word' id='word_1_611' title='bbox 1537 3823 1625 3881; x_wconf 90' lang='lat' dir='ltr'><strong>hodie</strong></span> <span class='ocrx_word' id='word_1_612' title='bbox 1638 3845 1685 3882; x_wconf 91' lang='lat' dir='ltr'><strong>co·</strong></span> <span class='ocrx_word' id='word_1_613' title='bbox 1700 3847 1726 3886; x_wconf 80' lang='lat' dir='ltr'><strong>ai</strong></span> 
     </span>
     <span class='ocr_line' id='line_1_87' title="bbox 897 3918 1678 4000; baseline 0.005 -25"><span class='ocrx_word' id='word_1_614' title='bbox 897 3919 1024 3994; x_wconf 91' lang='lat' dir='ltr'><strong>gnitam,</strong></span> <span class='ocrx_word' id='word_1_615' title='bbox 1040 3937 1127 3996; x_wconf 89' lang='lat' dir='ltr'><strong>quam</strong></span> <span class='ocrx_word' id='word_1_616' title='bbox 1147 3918 1354 3996; x_wconf 90' lang='lat' dir='ltr'><strong>cupidissimus</strong></span> <span class='ocrx_word' id='word_1_617' title='bbox 1378 3919 1461 3991; x_wconf 90' lang='lat' dir='ltr'><strong>leno,</strong></span> <span class='ocrx_word' id='word_1_618' title='bbox 1480 3919 1515 3977; x_wconf 89' lang='lat' dir='ltr'><strong>ad</strong></span> <span class='ocrx_word' id='word_1_619' title='bbox 1538 3939 1591 3978; x_wconf 93' lang='lat' dir='ltr'><strong>nos</strong></span> <span class='ocrx_word' id='word_1_620' title='bbox 1614 3940 1678 4000; x_wconf 88' lang='lat' dir='ltr'><strong>spo·</strong></span> 
     </span>
     <span class='ocr_line' id='line_1_88' title="bbox 897 4013 1678 4095; baseline 0.008 -25"><span class='ocrx_word' id='word_1_621' title='bbox 897 4013 1033 4085; x_wconf 89' lang='lat' dir='ltr'><strong>liandos,</strong></span> <span class='ocrx_word' id='word_1_622' title='bbox 1054 4032 1147 4090; x_wconf 86' lang='lat' dir='ltr'><strong>usque</strong></span> <span class='ocrx_word' id='word_1_623' title='bbox 1160 4013 1320 4092; x_wconf 70' lang='lat' dir='ltr'><strong>depressit,</strong></span> <span class='ocrx_word' id='word_1_624' title='bbox 1344 4035 1422 4090; x_wconf 83' lang='lat' dir='ltr'><strong>quae,</strong></span> <span class='ocrx_word' id='word_1_625' title='bbox 1437 4028 1535 4075; x_wconf 87' lang='lat' dir='ltr'><strong>vestra</strong></span> <span class='ocrx_word' id='word_1_626' title='bbox 1555 4017 1678 4095; x_wconf 86' lang='lat' dir='ltr'><strong>pietate,</strong></span> 
     </span>
     <span class='ocr_line' id='line_1_89' title="bbox 897 4108 1680 4190; baseline 0.006 -24"><span class='ocrx_word' id='word_1_627' title='bbox 897 4110 983 4184; x_wconf 81' lang='lat' dir='ltr'><strong>virgo</strong></span> <span class='ocrx_word' id='word_1_628' title='bbox 995 4110 1166 4188; x_wconf 87' lang='lat' dir='ltr'><strong>permansit.</strong></span> <span class='ocrx_word' id='word_1_629' title='bbox 1179 4108 1237 4167; x_wconf 84' lang='lat' dir='ltr'><strong>Ut&#39;</strong></span> <span class='ocrx_word' id='word_1_630' title='bbox 1251 4129 1322 4186; x_wconf 89' lang='lat' dir='ltr'><strong>ergo</strong></span> <span class='ocrx_word' id='word_1_631' title='bbox 1332 4111 1449 4189; x_wconf 89' lang='lat' dir='ltr'><strong>plenius</strong></span> <span class='ocrx_word' id='word_1_632' title='bbox 1461 4112 1563 4190; x_wconf 89' lang='lat' dir='ltr'><strong>pietati</strong></span> <span class='ocrx_word' id='word_1_633' title='bbox 1577 4126 1680 4172; x_wconf 85' lang='lat' dir='ltr'><strong>vestrae</strong></span> 
     </span>
     <span class='ocr_line' id='line_1_90' title="bbox 898 4204 1677 4285; baseline 0.003 -21"><span class='ocrx_word' id='word_1_634' title='bbox 898 4207 1004 4281; x_wconf 84' lang='lat' dir='ltr'><strong>gratias</strong></span> <span class='ocrx_word' id='word_1_635' title='bbox 1019 4207 1158 4280; x_wconf 80' lang='lat' dir='ltr'><strong>reseram,</strong></span> <span class='ocrx_word' id='word_1_636' title='bbox 1172 4219 1246 4264; x_wconf 80' lang='lat' dir='ltr'><strong>natae</strong></span> <span class='ocrx_word' id='word_1_637' title='bbox 1263 4204 1327 4282; x_wconf 85' lang='lat' dir='ltr'><strong>ejus</strong></span> <span class='ocrx_word' id='word_1_638' title='bbox 1339 4220 1493 4285; x_wconf 88' lang='lat' dir='ltr'><strong>procurate</strong></span> <span class='ocrx_word' id='word_1_639' title='bbox 1507 4208 1677 4267; x_wconf 83' lang='lat' dir='ltr'><strong>vindictam.</strong></span> 
     </span>
     <span class='ocr_line' id='line_1_91' title="bbox 900 4301 1725 4380; baseline 0.002 -21"><span class='ocrx_word' id='word_1_640' title='bbox 900 4301 932 4359; x_wconf 82' lang='lat' dir='ltr'><strong>Et</strong></span> <span class='ocrx_word' id='word_1_641' title='bbox 953 4321 1054 4361; x_wconf 90' lang='lat' dir='ltr'><strong>omnes</strong></span> <span class='ocrx_word' id='word_1_642' title='bbox 1067 4321 1126 4360; x_wconf 90' lang='lat' dir='ltr'><strong>uua</strong></span> <span class='ocrx_word' id='word_1_643' title='bbox 1141 4320 1213 4359; x_wconf 87' lang='lat' dir='ltr'><strong>voce</strong></span> <span class='ocrx_word' id='word_1_644' title='bbox 1235 4301 1509 4380; x_wconf 82' lang='lat' dir='ltr'><strong>proclamaverunt,</strong></span> <span class='ocrx_word' id='word_1_645' title='bbox 1526 4302 1656 4362; x_wconf 88' lang='lat' dir='ltr'><strong>dicentes</strong></span> <span class='ocrx_word' id='word_1_646' title='bbox 1673 4325 1680 4361; x_wconf 92' lang='lat'><strong>:</strong></span> <span class='ocrx_word' id='word_1_647' title='bbox 1699 4313 1725 4353; x_wconf 63' lang='grc' dir='ltr'><strong>«υ</strong></span> 
     </span>
     <span class='ocr_line' id='line_1_92' title="bbox 903 4397 1684 4477; baseline 0.001 -21"><span class='ocrx_word' id='word_1_648' title='bbox 903 4397 983 4456; x_wconf 84' lang='lat' dir='ltr'><strong>Leno</strong></span> <span class='ocrx_word' id='word_1_649' title='bbox 1008 4400 1096 4456; x_wconf 81' lang='lat' dir='ltr'><strong>vivus</strong></span> <span class='ocrx_word' id='word_1_650' title='bbox 1118 4397 1232 4470; x_wconf 87' lang='lat' dir='ltr'><strong>ardeat;</strong></span> <span class='ocrx_word' id='word_1_651' title='bbox 1251 4411 1279 4455; x_wconf 92' lang='lat' dir='ltr'><strong>et</strong></span> <span class='ocrx_word' id='word_1_652' title='bbox 1299 4397 1378 4456; x_wconf 88' lang='lat' dir='ltr'><strong>bona</strong></span> <span class='ocrx_word' id='word_1_653' title='bbox 1396 4398 1461 4476; x_wconf 87' lang='lat' dir='ltr'><strong>ejus</strong></span> <span class='ocrx_word' id='word_1_654' title='bbox 1483 4399 1589 4477; x_wconf 84' lang='lat' dir='ltr'><strong>puellae</strong></span> <span class='ocrx_word' id='word_1_655' title='bbox 1611 4399 1684 4476; x_wconf 84' lang='lat' dir='ltr'><strong>adji-</strong></span> 
     </span>
     <span class='ocr_line' id='line_1_93' title="bbox 899 4508 1020 4553; baseline 0 -1"><span class='ocrx_word' id='word_1_656' title='bbox 899 4508 1020 4553; x_wconf 85' lang='lat' dir='ltr'><strong>crantur.</strong></span> 
     </span>
    </p>
   </div>
   <div class='ocr_carea' id='block_1_10' title="bbox 1133 4640 1449 4707">
    <p class='ocr_par' dir='ltr' id='par_1_10' title="bbox 1133 4640 1449 4707">
     <span class='ocr_line' id='line_1_94' title="bbox 1133 4640 1449 4707; baseline -0.003 0"><span class='ocrx_word' id='word_1_657' title='bbox 1133 4640 1226 4707; x_wconf 79' lang='lat' dir='ltr'><strong>CAP.</strong></span> <span class='ocrx_word' id='word_1_658' title='bbox 1259 4640 1449 4707; x_wconf 85' lang='lat' dir='ltr'><strong>XXXVIII.</strong></span> 
     </span>
    </p>
   </div>
   <div class='ocr_carea' id='block_1_11' title="bbox 901 4803 1718 5072">
    <p class='ocr_par' dir='ltr' id='par_1_11' title="bbox 901 4803 1718 5072">
     <span class='ocr_line' id='line_1_95' title="bbox 941 4803 1684 4882; baseline 0.001 -20"><span class='ocrx_word' id='word_1_659' title='bbox 941 4804 1103 4863; x_wconf 75' lang='lat' dir='ltr'><strong>Adducitur</strong></span> <span class='ocrx_word' id='word_1_660' title='bbox 1113 4806 1180 4863; x_wconf 87' lang='lat' dir='ltr'><strong>leno</strong></span> <span class='ocrx_word' id='word_1_661' title='bbox 1192 4804 1327 4881; x_wconf 85' lang='lat' dir='ltr'><strong>ignibus;</strong></span> <span class='ocrx_word' id='word_1_662' title='bbox 1336 4819 1364 4863; x_wconf 88' lang='lat' dir='ltr'><strong>et</strong></span> <span class='ocrx_word' id='word_1_663' title='bbox 1374 4803 1563 4882; x_wconf 83' lang='lat' dir='ltr'><strong>villicusejus</strong></span> <span class='ocrx_word' id='word_1_664' title='bbox 1571 4805 1684 4863; x_wconf 73' lang='lat' dir='ltr'><strong>Amian·</strong></span> 
     </span>
     <span class='ocr_line' id='line_1_96' title="bbox 901 4902 1718 4982; baseline -0.004 -21"><span class='ocrx_word' id='word_1_665' title='bbox 901 4916 947 4963; x_wconf 91' lang='lat' dir='ltr'><strong>tus</strong></span> <span class='ocrx_word' id='word_1_666' title='bbox 962 4924 1026 4962; x_wconf 91' lang='lat' dir='ltr'><strong>cum</strong></span> <span class='ocrx_word' id='word_1_667' title='bbox 1040 4904 1186 4962; x_wconf 87' lang='lat' dir='ltr'><strong>universis</strong></span> <span class='ocrx_word' id='word_1_668' title='bbox 1198 4904 1306 4982; x_wconf 91' lang='lat' dir='ltr'><strong>puellis</strong></span> <span class='ocrx_word' id='word_1_669' title='bbox 1318 4916 1347 4961; x_wconf 87' lang='lat' dir='ltr'><strong>et</strong></span> <span class='ocrx_word' id='word_1_670' title='bbox 1361 4902 1548 4961; x_wconf 80' lang='lat' dir='ltr'><strong>facultatibus</strong></span> <span class='ocrx_word' id='word_1_671' title='bbox 1561 4902 1686 4961; x_wconf 92' lang='lat' dir='ltr'><strong>traditur</strong></span> <span class='ocrx_word' id='word_1_672' title='bbox 1696 4922 1718 4960; x_wconf 81' lang='lat' dir='ltr'><strong>n</strong></span> 
     </span>
     <span class='ocr_line' id='line_1_97' title="bbox 901 4997 1685 5072; baseline -0.003 -15"><span class='ocrx_word' id='word_1_673' title='bbox 901 4999 1022 5061; x_wconf 86' lang='lat' dir='ltr'><strong>Tarsiae.</strong></span> <span class='ocrx_word' id='word_1_674' title='bbox 1039 4999 1073 5057; x_wconf 86' lang='lat' dir='ltr'><strong>Et</strong></span> <span class='ocrx_word' id='word_1_675' title='bbox 1082 5000 1123 5057; x_wconf 88' lang='lat' dir='ltr'><strong>ait</strong></span> <span class='ocrx_word' id='word_1_676' title='bbox 1136 4998 1240 5057; x_wconf 87' lang='lat' dir='ltr'><strong>Tarsia</strong></span> <span class='ocrx_word' id='word_1_677' title='bbox 1250 4999 1353 5057; x_wconf 87' lang='lat' dir='ltr'><strong>villico</strong></span> <span class='ocrx_word' id='word_1_678' title='bbox 1368 5020 1374 5056; x_wconf 93' lang='lat'><strong>:</strong></span> <span class='ocrx_word' id='word_1_679' title='bbox 1397 5000 1482 5058; x_wconf 90' lang='lat' dir='ltr'><strong>Dono</strong></span> <span class='ocrx_word' id='word_1_680' title='bbox 1507 4997 1562 5056; x_wconf 91' lang='lat' dir='ltr'><strong>tibi</strong></span> <span class='ocrx_word' id='word_1_681' title='bbox 1579 4999 1685 5072; x_wconf 86' lang='lat' dir='ltr'><strong>vitam,</strong></span> 
     </span>
    </p>
   </div>
   <div class='ocr_carea' id='block_1_12' title="bbox 901 5097 1686 5231">
    <p class='ocr_par' dir='ltr' id='par_1_12' title="bbox 901 5097 1686 5231">
     <span class='ocr_line' id='line_1_98' title="bbox 901 5097 1686 5176; baseline -0.004 -20"><span class='ocrx_word' id='word_1_682' title='bbox 901 5099 971 5176; x_wconf 90' lang='lat' dir='ltr'><strong>quia</strong></span> <span class='ocrx_word' id='word_1_683' title='bbox 985 5097 1129 5157; x_wconf 83' lang='lat' dir='ltr'><strong>beneficio</strong></span> <span class='ocrx_word' id='word_1_684' title='bbox 1142 5111 1192 5155; x_wconf 90' lang='lat' dir='ltr'><strong>tuo</strong></span> <span class='ocrx_word' id='word_1_685' title='bbox 1206 5109 1235 5155; x_wconf 90' lang='lat' dir='ltr'><strong>et</strong></span> <span class='ocrx_word' id='word_1_686' title='bbox 1248 5097 1357 5157; x_wconf 87' lang='lat' dir='ltr'><strong>civium</strong></span> <span class='ocrx_word' id='word_1_687' title='bbox 1373 5111 1502 5170; x_wconf 90' lang='lat' dir='ltr'><strong>tuorum,</strong></span> <span class='ocrx_word' id='word_1_688' title='bbox 1523 5097 1610 5172; x_wconf 83' lang='lat' dir='ltr'><strong>virgo</strong></span> <span class='ocrx_word' id='word_1_689' title='bbox 1621 5116 1686 5175; x_wconf 85' lang='lat' dir='ltr'><strong>per·</strong></span> 
     </span>
     <span class='ocr_line' id='line_1_99' title="bbox 1532 5191 1556 5231; baseline -0.042 0"><span class='ocrx_word' id='word_1_690' title='bbox 1532 5191 1556 5231; x_wconf 82' lang='lat' dir='ltr'><strong>ti</strong></span> 
     </span>
    </p>
   </div>
   <div class='ocr_carea' id='block_1_13' title="bbox 0 0 1882 5692">
    <p class='ocr_par' dir='ltr' id='par_1_13' title="bbox 0 0 1882 5692">
     <span class='ocr_line' id='line_1_100' title="bbox 0 0 1882 5692; baseline 0 0"><span class='ocrx_word' id='word_1_691' title='bbox 0 0 1882 5692; x_wconf 95' lang='lat' dir='ltr'><strong> </strong></span> 
     </span>
    </p>
   </div>
  </div>
 </body>
</html>
