3726 5692
818 344 933 404 LIBER
957 345 1037 405 vlit.
1680 359 1736 412 aas

112 474 224 557 Ὀφθείη
235 496 281 552 μοι
294 473 370 550 μόνον
385 473 571 553 Ὀροονδάτης.
615 471 688 532 Μίαν
703 472 844 553 θεραπείαν
855 475 900 533 καί
947 497 997 534 rus.
1029 484 1131 534 videam
1146 498 1189 546 ego
1205 485 1277 535 modo
1293 486 1458 536 orooodatem
1472 503 1480 539 a
1495 501 1556 537 unas
1575 487 1737 541 blanditiaset

112 565 224 646 δάκρυον
246 562 395 645 Ἄρσάκιιον
420 561 447 620 έν
469 563 520 641 οὐχ
539 560 727 632 ύποστάσεται.
771 563 900 641 Μεγάλην
947 572 1097 622 lacrimulam
1118 587 1190 622 unam
1211 581 1311 624 Arsaces
1332 589 1380 624 non
1403 577 1539 626 sustinebit.
1571 580 1682 639 Magnam
1706 582 1736 629 ad

111 656 147 722 εἰς
160 650 245 712 πειθὼ
263 650 391 723 κέκτηται
410 648 474 732 πρδς
495 649 590 729 ἄνδρας
611 649 690 729 ίυγγα
710 649 744 708 τά
767 659 901 727 γυναικεῖα
947 660 1081 710 faciendam
1093 661 1165 711 tidem
1179 662 1236 711 viris
1249 661 1338 712 habent
1351 664 1400 713 rim
1418 667 1443 713 et
1455 665 1573 714 [moinum
1609 668 1738 719 muliebres

111 741 158 800 καὶ
179 740 288 800 σύνοικα
310 739 463 817 βλέμματα.
506 738 577 798 Ἀλλ’
598 740 680 798 ἐκεῖνο
701 737 858 819 ὐπίρδεινον,
879 742 901 799 εἰ
947 752 972 799 el
989 750 1117 802 familiares
1135 749 1271 813 adspectus.
1305 755 1336 801 Al
1355 751 1415 801 illud
1433 755 1469 802 est
1488 754 1683 817 acerbissimum,
1702 758 1737 817 si,

85 860 98 896 ι
112 828 151 907 μὴ
164 834 281 909 τυχοῦσα
296 827 445 906 Θεαγένους
458 827 636 909 προληφθείην
651 826 703 886 ὐπὸ
720 832 767 899 τῆς
786 851 903 907 κατηγο·
947 851 995 887 non
1009 840 1085 901 potita
1095 839 1235 901 theagene,
1250 841 1387 890 antevertat
1399 841 1564 899 accusatione,
1576 846 1619 892 aut
1633 844 1739 895 fortassis

112 919 186 1000 ρίας,
199 917 298 997 ἢ,κάν
311 915 379 976 ούτω
390 916 474 997 τύχῃ,
486 921 533 987 τῆς
546 917 686 997 τιμωρίας,
701 915 726 975 εί
738 940 763 974 τι
779 917 841 998 πρὶν
861 921 901 976 ἐν·
948 926 1020 975 etiarn
1039 939 1122 988 poena,
1133 927 1154 976 si
1165 926 1237 976 tidem
1250 926 1363 977 habuerit
1375 928 1464 977 indicio
1478 930 1642 991 oroonrlates,
1660 933 1738 994 prius·

111 1011 202 1089 τυχεῖν
228 1031 287 1085 μοι,
317 1004 479 1065 πιστεύσειεν
506 1004 693 1084 Ὀροονθάτης.
747 1003 852 1080 Ὥστε,
880 996 902 1066 ώ
948 1027 1022 1075 quam
1035 1012 1217 1076 ipsumsidero.
1251 1015 1544 1079 Quamobremcybele,
1558 1033 1655 1069 omnem
1668 1034 1739 1070 more

112 1096 239 1169 Κυύέλη,
259 1093 344 1153 πάντα
359 1093 435 1166 κίνει,
454 1103 542 1153 πᾶσαν
559 1091 661 1174 εύρισκε
687 1093 822 1173 μηχανὴν,
838 1094 904 1176 πρὸς
949 1101 1069 1163 lapidem,
1081 1115 1178 1153 omnem
1193 1103 1273 1152 inveni
1292 1104 1445 1165 machinam,
1459 1105 1543 1155 ridens
1555 1107 1579 1155 in
1601 1114 1738 1158 extremum

100 1184 188 1266 ξυροῦ
200 1184 249 1256 τὴν
268 1182 351 1263 ἄκραν
366 1181 454 1259 ἀκμὴν
472 1181 664 1261 περιεστηκότα
679 1183 743 1260 ἡμῖν
766 1186 854 1264 δρῶσα
870 1181 904 1242 τίι
949 1190 1083 1252 pericnlum
1103 1204 1141 1241 res
1154 1192 1250 1242 nostras
1265 1192 1391 1242 devenisse
1404 1195 1429 1243 et
1445 1194 1517 1244 simul
1537 1197 1645 1256 cogitans
1658 1198 1738 1259 quod,

76 1296 99 1337 ιο
112 1272 260 1353 πράγματα
274 1269 320 1330 καί
336 1269 383 1347 ἅμ’
398 1271 522 1329 ἐννοοῦσα
535 1274 572 1337 ὡς
586 1271 633 1329 οὐκ
647 1269 717 1329 ἔστιν
731 1269 801 1339 ὅπως
814 1276 904 1350 lpas-
949 1291 1005 1327 cum
1018 1278 1049 1328 de
1063 1292 1102 1329 me
1118 1280 1169 1342 ipsa
1182 1279 1330 1351 desperarim
1349 1280 1537 1345 haudquaquam
1557 1284 1672 1333 altissim
1686 1299 1739 1348 par-

111 1366 159 1435 τῆς
173 1364 341 1435 ἀπογνοῦσα,
355 1358 478 1440 φείσομαι
493 1358 591 1420 σίλλων.
635 1359 715 1420 illle
732 1360 826 1440 πρώτη
847 1385 902 1420 πα·
948 1380 1013 1418 sura.
1047 1369 1126 1417 Prima
1144 1368 1264 1431 siquidem
1279 1371 1384 1421 fructum
1398 1372 1519 1435 capicsea
1538 1373 1573 1422 tui
1592 1373 1634 1423 lilii
1649 1375 1738 1425 conati·
1846 1356 1851 1365 ¹

112 1449 292 1531 ραπσλαύσεις
312 1451 365 1507 τῶν
386 1453 431 1507 τοῦ
454 1447 551 1528 παιδὸς,
561 1448 788 1530 ἐπιχειρημάτων,
811 1449 828 1508 θ
849 1453 904 1516 πῶς
950 1455 995 1504 lrus
1006 1471 1012 1504 ε
1025 1468 1088 1519 quos
1101 1457 1224 1520 quomodo
1235 1460 1345 1521 ignorare
1356 1461 1478 1522 potueris,
1491 1461 1630 1524 conjectura
1644 1465 1739 1526 assequi

110 1540 253 1618 ἠγνόησας,
265 1540 314 1596 οὐκ
327 1536 382 1616 ἔχω
396 1535 552 1613 συμθαλεῑν.
599 1535 682 1609 Καλή
698 1536 819 1615 Κυῦέλη,
833 1541 903 1599 Παι-
949 1559 997 1593 non
1011 1557 1116 1606 possum
1151 1546 1241 1608 cybele
1253 1552 1354 1598 autem
1370 1549 1441 1606 Quod
1454 1549 1485 1598 ad
1497 1551 1574 1598 silium
1590 1565 1685 1612 meum,
1701 1552 1739 1601 in·

110 1628 154 1697 δδς
175 1626 233 1705 μὲν,
248 1625 317 1709 ἔφη,
333 1630 380 1684 τοῦ
404 1627 467 1701 ἐμοῦ
483 1624 543 1704 πέρι
558 1623 603 1684 καί
624 1625 736 1693 πίστεως
756 1626 792 1692 είς
810 1648 839 1685 σι
857 1630 904 1697 τῆς
949 1633 1016 1696 qnit,
1030 1633 1117 1684 attinet
1128 1637 1154 1684 et
1173 1636 1246 1686 tidem
1260 1650 1339 1686 meam
1359 1641 1472 1701 sigale,
1488 1637 1600 1699 domina,
1619 1654 1740 1691 nonsera

74 1742 97 1779 rs
110 1720 193 1797 ἐμῆς,
213 1706 236 1776 ώ
257 1715 394 1786 δέσποινα,
410 1714 457 1772 οὐκ
480 1715 566 1786 άληθῆ
581 1712 724 1784 δοξάζουσα
745 1713 833 1794 γνώσγΙ
852 1723 904 1780 τοῖς
948 1723 973 1769 te
983 1720 1092 1785 opinari,
1107 1735 1133 1773 re
1146 1722 1198 1786 ipsa
1212 1737 1347 1786 cognosces
1383 1728 1457 1774 Porro
1471 1739 1527 1775 eum
1541 1728 1590 1788 ipsa
1602 1727 1650 1776 iam
1659 1731 1739 1789 segni·

110 1806 211 1889 ἐργσις,
235 1806 303 1876 αὐτὴ
325 1805 348 1863 δ’
363 1799 444 1868 οθτως
465 1801 563 1869 ύπτίως
581 1808 727 1883 προσιοῦσα
748 1806 786 1885 τῷ
807 1808 904 1876 σαυτῆς
949 1815 986 1861 ter
997 1824 1067 1861 cures
1078 1814 1149 1861 tuum
1164 1826 1273 1862 amorem
1284 1818 1309 1861 et
1321 1826 1404 1862 revera
1417 1813 1487 1863 inerti
1494 1815 1576 1863 animo
1586 1815 1627 1875 sis,
1643 1821 1740 1866 nonest
1792 1812 1795 1817 '

109 1893 190 1975 έρωτι
201 1893 248 1951 καί
262 1895 300 1974 τῷ
313 1890 369 1950 ὄντι
390 1889 609 1968 μαλακιζομένη,
626 1890 664 1968 μὴ
684 1891 732 1970 άγε
755 1893 803 1963 τὴν
818 1893 903 1953 αἰτίαν
950 1899 1017 1964 quod
1036 1903 1149 1952 conteras
1161 1903 1258 1964 eulpam
1280 1902 1305 1950 in
1318 1903 1394 1965 alios,
1408 1904 1449 1965 qui
1466 1904 1536 1952 raoni
1551 1908 1609 1953 sunt
1630 1905 1738 1968 sculpe.

109 1981 153 2041 ἐπ’
169 1981 265 2047 σίλλους
286 1978 345 2046 τοὺς
369 1980 416 2038 οὐκ
440 1979 545 2045 αἰτίους.
589 1981 630 2039 Οὐ
647 1979 699 2060 γδιρ
721 1983 756 2047 ὡς
779 1979 904 2041 δέσποινα
951 1991 1033 2052 seque
1053 1989 1117 2038 enim
1134 1992 1162 2039 nt
1178 1989 1276 2039 donrlna
1295 1989 1412 2052 imperas,
1434 1990 1475 2040 sed
1497 1997 1524 2040 ut
1543 2004 1611 2040 serra
1627 1992 1740 2042 blandiris

111 2073 218 2151 κρατεῖς
236 2070 295 2127 ἀλλ’
308 2071 343 2135 ὡς
361 2064 520 2126 δουλεύουσα
536 2067 686 2147 θεραπεύεις
705 2067 735 2126 τὸ
756 2069 901 2148 μειράκιον.
951 2076 1105 2127 adolescenti.
1138 2080 1199 2136 Quae
1221 2077 1289 2127 initio
1310 2077 1409 2140 quidem
1429 2081 1494 2128 recte
1514 2079 1612 2130 tortasse
1635 2079 1739 2138 fiebant,

70 2157 144 2220 no‘A
161 2157 236 2238 παρθ
248 2156 296 2235 μίν
310 2155 359 2228 τὴν
371 2155 480 2236 πρώτην
492 2159 573 2236 ὀρθῶς
584 2156 648 2224 ίσως
660 2157 784 2236 ἐγίγνετο,
798 2157 903 2216 ἁπαλοῦ
949 2179 1006 2214 cum
1019 2168 1103 2216 tenero
1117 2165 1254 2227 etintenili
1274 2166 1356 2215 animo
1370 2179 1422 2216 esse
1435 2166 1574 2230 putabatur.
1609 2171 1738 2230 Postquam

110 2267 179 2313 τινος
193 2244 293 2305 ἐκείνου
306 2243 352 2303 καί
364 2242 482 2317 νέου-τὴν
496 2243 584 2325 ψυχὴν
594 2246 768 2323 νομισθέντος.
792 2244 904 2318 Ἐπειδὴ
950 2266 1008 2303 vero
1017 2254 1124 2317 exsurgit
1133 2257 1217 2305 contra
1227 2254 1358 2313 amasiam,
1371 2255 1508 2316 experiatur
1516 2258 1542 2305 te
1554 2259 1580 2305 et
1589 2261 1702 2317 agnoscat
1712 2261 1740 2306 ut

111 2333 141 2394 δὲ
153 2333 421 2403 nantulliacensis<
434 2332 580 2414 ἐρωμένης,
593 2334 753 2411 λαμύανέτω
767 2335 860 2414 πεῖραν
869 2339 904 2402 ώς
949 2342 1088 2404 θοαιίιιειιι,
1100 2345 1125 2392 et
1137 2343 1215 2404 tlagris
1227 2356 1305 2394 casus
1317 2356 1347 2392 ac
1359 2345 1486 2394 tormentis
1498 2345 1667 2405 excruciatus,
1681 2359 1738 2408 sup-

111 2424 250 2495 δεσποίνης
264 2421 310 2480 καί
329 2419 536 2498 μαστιγούμενος
550 2422 595 2480 καί
614 2422 818 2502 στρεύλούμενος
838 2427 904 2483 ύπο·
949 2431 1005 2493 ρΙετ
1019 2432 1069 2481 tnae
1080 2432 1200 2481 voluntati
1212 2445 1238 2480 se
1251 2431 1371 2494 subiiciat.
1405 2433 1588 2483 consueverunt
1602 2434 1666 2483 enim
1681 2434 1739 2485 ado·

110 2511 299 2578 mordacitate
313 2518 367 2577 σοῖς
383 2509 544 2590 βουλήμασι.
589 2511 728 2592 Πεφύκασι
744 2509 796 2590 γδιρ
812 2513 836 2570 οἰ
851 2509 904 2570 νέοι
950 2519 1079 2580 lescentes,
1098 2533 1156 2568 cum
1173 2520 1296 2582 coluntur,
1310 2521 1449 2582 despicere:
1466 2522 1583 2571 viantem
1597 2523 1686 2582 eoacti,
1702 2536 1740 2573 ee·

69 2623 97 2663 as
110 2598 317 2682 θεραπευόμενοι
344 2596 393 2675 μέν
413 2601 593 2680 ὑπερφρονεῖν,
620 2597 770 2677 βιαζόμενοι
790 2599 813 2657 δ’
830 2598 903 2656 ύπεί-
950 2607 1016 2658 dere.
1050 2608 1213 2667 Quamobrem
1226 2612 1251 2658 et
1261 2609 1300 2658 tric
1313 2609 1384 2659 iaciat
1394 2610 1471 2672 paenis
1482 2609 1591 2672 adactus,
1604 2625 1659 2673 qum
1668 2613 1739 2660 antea

110 2711 178 2751 κεεν.
220 2686 305 2748 Ὥστε
327 2685 373 2745 καί
398 2676 471 2751 αὐτος
500 2686 592 2764 πράξει
618 2685 810 2762 κολαζόμενος,
836 2685 904 2766 άπερ
950 2696 1065 2758 negabat,
1081 2695 1167 2744 blande
1189 2698 1213 2745 et
1228 2696 1314 2746 leuiter
1327 2699 1454 2747 tractatus.
1486 2698 1582 2749 Videris
1602 2702 1627 2748 tu
1642 2699 1739 2761 quidem

111 2775 199 2850 ἠθέτει
218 2774 433 2851 κολακευόμενος.
478 2772 559 2833 Ἀλλά
584 2775 665 2839 δοκεῖς
680 2773 728 2848 μὲν
756 2765 785 2832 εὐ
808 2773 903 2852 λέγειν,
950 2783 1310 2845 recledicere,iuquitsrsace
1326 2804 1332 2832 ι
1349 2788 1457 2834 ceterum
1472 2786 1595 2848 quomodo
1613 2789 1740 2850 terrepos·

111 2864 277 2945 ἡἈρσάκη,
296 2866 353 2930 πῶς
372 2864 395 2921 δ’
409 2860 441 2921 θν
462 2859 617 2939 ἐνέγκαιμι,
636 2850 658 2920 ώ
679 2859 745 2934 θεολ,
758 2865 811 2928 τοῖς
833 2865 904 2939 ἐμοῖς
950 2884 1014 2930 sem,
1028 2873 1106 2921 oculis
1121 2872 1181 2920 meis
1195 2873 1279 2920 videns
1294 2872 1353 2922 illud
1368 2885 1456 2933 corpus
1470 2873 1545 2931 caedi,
1560 2877 1604 2921 arnt
1618 2874 1665 2921 alio
1677 2887 1738 2935 quo·

111 2956 272 3036 ὀφθαλμοῖς,
286 2949 305 3022 ἢ
319 2949 468 3027 ξαινόμενον
483 2951 571 3030 δρῶσα
585 2949 614 3007 τὸ
627 2952 705 3026 σῶμα
720 2950 812 3022 ἐκεῖνο,
828 2948 845 3020 ἢ
859 2951 904 3010 καί
951 2973 1047 3022 cunque
1057 2960 1131 3009 ιιιοθο
1142 2959 1234 3022 alliiqi?
1247 2962 1346 3018 Rursus,
1356 2959 1435 3020 inquit
1448 2960 1512 3020 ipsa,
1524 2962 1624 3008 mollitie
1635 2961 1738 3020 dilllnis,

73 3042 201 3110 ευάλλως
223 3039 411 3116 κολαζάμενον;
436 3029 517 3103 Adora
542 3027 576 3096 αὐ
601 3036 633 3096 σύ
655 3038 809 3117 μαλακίζη,
837 3037 902 3118 έφη,
950 3049 1017 3111 quasi
1029 3062 1077 3098 non
1089 3049 1252 3108 sitlulurnm,
1265 3052 1292 3097 ut
1304 3049 1402 3109 etipse,
1416 3049 1497 3109 paucis
1507 3052 1633 3097 tormentis
1644 3050 1739 3098 arllribi·

111 3129 203 3211 ὥσπερ
211 3129 242 3189 οὐ
249 3128 313 3209 πρὸς
325 3126 424 3186 ἐκείνου
435 3149 464 3186 τε
476 3124 650 3205 γενησόμενον
659 3124 760 3204 ὀλίγαις
769 3126 902 3205 στρεύλώ-
951 3137 990 3196 tis,
998 3137 1098 3186 meliora
1105 3135 1274 3198 amplectatur,
1284 3138 1309 3184 et
1319 3137 1346 3184 tu
1360 3135 1495 3198 paullulum
1505 3137 1642 3185 excruciata
1655 3150 1739 3187 conse·

112 3242 185 3280 σεσιν
199 3215 304 3277 ἑλέσθαι
317 3214 352 3275 τθ
367 3213 502 3296 βελτίονα,
519 3212 565 3272 καί
584 3214 625 3273 σοί
640 3212 705 3293 πρὸς
719 3213 812 3293 μικρὸν
830 3216 905 3272 ἄνια·
952 3225 1034 3287 quaris
1048 3225 1128 3275 omnia
1142 3237 1172 3274 ex
1188 3224 1317 3274 sententia.
1351 3225 1424 3286 Atqui
1444 3226 1499 3273 licet
1511 3238 1590 3287 neque
1607 3225 1683 3275 oculis
1695 3226 1739 3275 do·

114 3306 204 3384 θιίση,
217 3313 307 3384 τυχεῖν
319 3307 371 3361 τῶν
382 3302 452 3361 κατδι
463 3299 581 3381 γνώμην.
623 3298 732 3361 Ἔνεστι
741 3299 770 3359 δέ
782 3324 824 3360 σοι
838 3301 904 3379 μηδέ
952 3315 1027 3364 lorem
1041 3327 1164 3364 accersere
1177 3327 1209 3363 ex
1222 3314 1251 3362 iis
1262 3327 1318 3376 quae
1333 3312 1398 3374 dent,
1412 3313 1453 3362 sed
1465 3313 1505 3361 illo
1520 3313 1637 3375 Euphrati
1651 3314 1739 3363 tradito

114 3395 207 3455 λυπεῖν
221 3393 266 3452 τδν
284 3391 419 3474 ὀφθαλμὸν
441 3399 494 3458 τοῖς
507 3388 684 3468 γιγνομένοις,
700 3389 758 3448 ἀλλ’
778 3389 904 3471 Εὐφράτῃ
951 3405 976 3453 et
993 3402 1071 3465 puniri
1088 3402 1170 3464 jusso,
1182 3405 1301 3464 tanquam
1321 3402 1354 3451 ob
1365 3401 1462 3464 aliquod
1478 3401 1608 3462 delictum,
1623 3401 1707 3451 abesse
1726 3417 1740 3452 a

72 3500 100 3541 as
113 3485 288 3563 παραδοῦσαν
300 3480 345 3540 καί
360 3479 479 3548 κολάζειν
499 3480 637 3550 εἰποῦσαν,
650 3474 685 3543 ὥς
696 3500 722 3535 τι
742 3477 905 3554 πεπλημμε·
951 3490 1103 3553 spectaculo,
1119 3489 1185 3553 qnod
1199 3497 1223 3540 te
1235 3490 1319 3540 dolore
1336 3489 1456 3550 alliceret3
1473 3490 1586 3549 (auditus
1603 3491 1683 3552 enim,
1696 3489 1740 3540 ad-

113 3571 216 3645 ληκότα
225 3616 233 3644 ,
249 3569 312 3647 μήτ’
328 3570 451 3627 ἀνιᾶσθαι
465 3569 578 3648 δρῶσαν,
597 3564 682 3645 (risnel
703 3564 755 3645 γὰρ
771 3564 854 3648 ὄψεως
870 3568 906 3634 εἰς
954 3579 1080 3643 specluad
1090 3579 1294 3629 commovendum
1311 3578 1419 3628 dolorem
1434 3579 1673 3644 minuscstelicax)
1685 3583 1740 3630 etsi

113 3662 271 3733 τθλυπῆσαι
281 3657 462 3739 κουφότερον),
473 3655 518 3714 καί
531 3657 554 3714 εἰ
566 3652 799 3732 μεταύεύλημένον
809 3655 905 3715 αἰσθοί·
952 3668 1021 3717 illum
1044 3667 1188 3717 sententiam
1206 3670 1312 3717 mutasse
1330 3667 1488 3727 senserimus,
1503 3680 1584 3715 rursus
1597 3681 1668 3730 qroena
1687 3673 1739 3717 tan·

114 3754 199 3829 μιθτ,
213 3749 295 3806 πάλιν
307 3744 437 3814 ἐξελέσθαι
450 3747 484 3812 ώς
497 3743 634 3824 αὐτάρκως
647 3742 873 3823 θπεστραμμίνον,
952 3769 1025 3819 quam
1036 3756 1212 3816 resipiscentem
1222 3755 1335 3805 eximere.

155 3836 207 3916 ς’.
230 3834 397 3906 Ἐπείθετοὴ
412 3831 538 3914 Ἄρσάκη,
553 3830 742 3911 (ἐπελπισθείς
754 3832 804 3911 γάρ
816 3835 830 3891 δ
842 3832 906 3912 έρως
981 3845 1027 3892 vt.
1045 3846 1115 3892 Passa
1130 3847 1167 3892 est
1177 3843 1222 3892 sibi
1235 3842 1372 3906 persuaderi
1388 3847 1489 3903 Arsace,
1508 3843 1593 3906 (amor
1603 3844 1681 3905 enlm,
1699 3845 1740 3893 ubi

74 3951 105 3988 su
114 3925 241 4004 siderites
258 3923 314 4004 ἔχει
337 3921 418 4004 φειδὼ
436 3926 483 3980 τοῦ
504 3919 649 4001 ἰρωμένου,
669 3919 773 3997 τρέπειν
788 3915 816 3977 δί
837 3921 906 4000 φιλεῖ
951 3931 1076 3994 desperat,
1091 3934 1172 3980 amato
1181 3931 1240 3980 nihil
1253 3932 1330 3994 parcit
1338 3934 1363 3980 et
1376 3931 1496 3993 repulsam
1506 3931 1531 3981 in
1541 3933 1671 3981 vindictam
1684 3945 1741 3983 con·

114 4016 163 4089 τὴν
180 4017 329 4094 ἀποτυχίαν
353 4015 389 4079 εἰς
408 4010 571 4093 τιμωρίαν),
587 4010 632 4069 καί
652 4008 697 4068 τδν
721 4013 905 4090 άρχιευνοῦχον
952 4022 1049 4070 vertere
1063 4019 1177 4082 gaudet)
1192 4022 1217 4069 ct
1234 4021 1351 4070 accersito
1363 4033 1476 4083 supremo
1497 4021 1625 4082 eunucho,
1640 4035 1668 4071 ea
1683 4037 1740 4085 qum

29 4136 36 4145 ·
116 4101 374 4182 μετακαλεσαμένη,
390 4100 422 4159 sd
443 4098 586 4177 δεδογμένα
603 4097 771 4178 προσέταξεν.
813 4096 848 4157 Ὁ
863 4097 905 4171 δὲ,
952 4109 1107 4169 decreverat,
1120 4108 1256 4170 imperauit.
1290 4109 1333 4158 lile
1345 4111 1461 4159 autemst
1475 4113 1561 4159 natura
1573 4111 1739 4160 eunuchorum

117 4192 164 4252 καί
178 4191 256 4274 φύσει
271 4191 318 4268 μέν
339 4189 388 4261 τὴν
400 4189 531 4269 εὐνούχων
552 4187 711 4259 ζηλοτυπίαν
731 4191 825 4287 νοσῶν)
838 4209 905 4262 σμυ-
952 4197 1069 4259 zelotypia
1088 4196 1200 4246 laborans
1215 4199 1239 4245 et
1249 4195 1392 4259 iampridem
1410 4198 1517 4247 intensus
1529 4198 1648 4260 Theogeni
1664 4198 1696 4247 olr
1713 4212 1741 4248 ea

114 4280 229 4362 χάμενος
243 4277 271 4338 δί
283 4278 329 4338 καί
340 4278 425 4336 πάλαι
439 4275 508 4336 κατά
521 4280 566 4334 τοῦ
581 4276 728 4354 Θεαγένους
740 4275 765 4344 ἐξ
779 4266 816 4334 ών
836 4274 906 4354 ἑώρα
952 4298 1007 4349 qnae
1021 4285 1118 4335 videbat
1131 4287 1155 4334 el
1165 4284 1341 4347 suspicabatur,
1353 4286 1434 4335 statim
1447 4300 1503 4335 enm
1516 4287 1541 4335 in
1554 4286 1650 4335 vincula
1664 4285 1741 4335 terrea

79 4394 106 4434 ιε
116 4392 147 4432 τε
167 4367 216 4428 καί
229 4365 393 4440 ὑπώπτευεν,
410 4364 484 4431 εὐθὺς
495 4367 522 4424 ἐν
542 4366 646 4441 δεσμοῖς
660 4355 716 4443 εἶχε
734 4364 848 4444 σιδηροῖς
861 4361 907 4421 καί
952 4373 1055 4436 conjecit
1068 4376 1093 4423 et
1105 4372 1227 4435 affligebat
1239 4372 1303 4422 lame
1316 4375 1341 4422 et
1355 4373 1507 4436 verberibus,
1520 4373 1545 4421 in
1557 4372 1696 4421 habitaculo
1707 4374 1741 4421 te

119 4458 205 4529 ἐπίεζε
217 4460 288 4537 λιμῷ
298 4455 345 4516 καί
358 4454 468 4528 αἰκίαις,
480 4455 515 4520 εἰς
528 4452 627 4530 οίκημα
639 4454 751 4534 ζοφῶδες
762 4453 907 4511 κατακλει-
953 4463 1055 4513 nelrroso
1066 4460 1221 4524 conclusum3
1234 4463 1259 4511 et
1274 4462 1357 4512 scienti
1371 4462 1479 4524 quidem,
1493 4460 1535 4510 sed
1550 4464 1631 4508 tamen
1642 4459 1741 4508 assimu-

119 4546 232 4626 σάμινος
243 4546 289 4606 καί
303 4545 382 4605 εἰδότι
399 4544 458 4621 μὲν,
475 4541 693 4624 προσποιουμένην
712 4541 739 4600 δί
751 4540 797 4600 καί
807 4547 907 4600 πυνθα-
953 4553 1011 4602 tanti
1032 4551 1149 4602 inscitiam
1171 4553 1196 4601 et
1221 4551 1339 4614 querenti
1362 4563 1474 4610 eausam,
1498 4549 1556 4596 nillil
1583 4545 1741 4610 respondeus,

118 4635 223 4717 νομένιρ
235 4636 311 4707 δῆθεν
323 4632 372 4706 τὴν
386 4633 481 4705 αἰτίαν,
493 4631 566 4690 οὐδὲν
579 4628 797 4710 ἀποκρινάμενος·
810 4630 906 4690 ἐπιτεί·
955 4640 1111 4704 quotidieque
1132 4653 1214 4702 ρετινετ
1234 4638 1374 4698 intendens,
1398 4642 1423 4688 et
1443 4638 1532 4698 magis,
1549 4649 1623 4698 qoam
1646 4636 1740 4686 volebat

117 4748 171 4784 νων
185 4724 207 4783 δ’
220 4723 350 4803 ὁσημέραι
361 4722 395 4780 τὰ
406 4726 453 4794 τῆς
462 4720 596 4786 κολάσεως
607 4720 652 4778 καὶ
664 4718 742 4778 πλέον
753 4715 771 4790 ἢ
786 4718 907 4780 ἐθούλετο
953 4737 1040 4782 Arsace
1050 4744 1079 4780 ac
1094 4732 1252 4793 preceperat,
1267 4729 1417 4789 excrucians,
1432 4739 1510 4789 neque
1521 4726 1598 4774 ullum
1610 4726 1739 4788 introgredi

76 4844 104 4881 ,ια
117 4812 263 4893 ἡἈρσάκη
273 4815 319 4871 καί
330 4811 468 4871 ἰντέταλτο
477 4809 679 4892 τιμωρούμενος,
689 4810 821 4889 εἰσφοιτᾶν
833 4811 855 4868 δ’
865 4812 908 4869 οὐ·
952 4821 1041 4879 sinens,
1055 4821 1142 4882 praeter
1153 4820 1229 4869 solam
1242 4818 1349 4881 Cybelen
1361 4832 1367 4865 :
1378 4818 1412 4865 sic
1422 4815 1486 4865 enim
1498 4815 1642 4877 imperatum
1653 4814 1738 4865 iuerat.

119 4899 174 4959 δενί
185 4899 314 4980 παριείςῆ
327 4899 393 4980 μάνγΙ
406 4904 438 4980 τῇ
451 4898 572 4977 Κυύίλῃ,
584 4903 659 4958 τοῦτο
672 4898 906 4979 προστεταγμένον.
953 4909 998 4958 llla
1009 4921 1067 4957 vero
1080 4911 1198 4971 perpetuo
1212 4906 1324 4957 veniebat
1338 4908 1362 4955 et
1371 4906 1484 4955 alimenta
1494 4916 1521 4953 se
1533 4904 1565 4952 illi
1577 4904 1638 4953 clam
1653 4903 1740 4952 inlerre

118 4985 156 5049 Ἣ
171 4988 196 5046 θ’
213 4986 302 5069 ἐφοίτα
320 4992 434 5068 συνεχῶς
447 4986 493 5046 καί
511 4987 606 5069 τροφάς
620 4987 707 5067 κρύφα
724 4988 908 5069 παρεισφέρειν
953 4996 1097 5056 simulabat,
1112 4998 1229 5059 tanquam
1247 4994 1363 5045 miserans
1379 4992 1443 5042 illius
1457 4995 1546 5044 sortem
1559 4997 1584 5043 et
1600 4993 1695 5055 propter
1707 4991 1740 5040 la·

120 5076 296 5150 ἐνεδείκνυτο,
310 5076 474 5157 οἰκτείρουσα
488 5077 535 5153 μὲν
551 5077 626 5147 δῆθεν
642 5075 688 5132 καί
702 5074 752 5132 ύπθ
767 5078 813 5146 τῆς
827 5098 907 5147 συνη-
954 5085 1132 5145 millaritatsm,
1144 5083 1255 5147 quaesibi
1267 5096 1325 5133 cnm
1340 5095 1369 5132 eo
1381 5083 1546 5133 intercesserat
1557 5081 1700 5143 deplorans:
1714 5094 1740 5128 re

122 5165 192 5234 θείας
213 5165 395 5245 ἐπικλωμένη,
420 5164 449 5224 τὸ
467 5164 489 5223 θ’
506 5165 598 5238 ἀληθὲς
619 5163 817 5246 άποπειρωαένη
830 5166 908 5223 ποίαν
954 5174 1003 5237 ipsa
1014 5176 1113 5236 autem,
1133 5172 1192 5237 quid
1208 5173 1308 5223 liaberet
1324 5171 1398 5222 animi
1412 5169 1559 5234 inpraesenti
1573 5170 1668 5220 fortuna
1682 5170 1706 5218 et
1718 5170 1738 5214 si
