<?xml version="1.0" encoding="UTF-8"?>
<!DOCTYPE html PUBLIC "-//W3C//DTD XHTML 1.0 Transitional//EN"
    "http://www.w3.org/TR/xhtml1/DTD/xhtml1-transitional.dtd">
<html xmlns="http://www.w3.org/1999/xhtml" xml:lang="en" lang="en">
 <head>
  <title>
</title>
<meta http-equiv="Content-Type" content="text/html;charset=utf-8" />
  <meta name='ocr-system' content='tesseract 3.04.00' />
  <meta name='ocr-capabilities' content='ocr_page ocr_carea ocr_par ocr_line ocrx_word'/>
</head>
<body>
  <div class='ocr_page' id='page_1' title='image "./eroticiscriptor00hirsgoog/eroticiscriptor00hirsgoog_0658.png"; bbox 0 0 3726 5692; ppageno 0'>
   <div class='ocr_carea' id='block_1_1' title="bbox 172 348 230 399">
    <p class='ocr_par' dir='ltr' id='par_1_1' title="bbox 172 348 230 399">
     <span class='ocr_line' id='line_1_1' title="bbox 172 348 230 399; baseline 0.017 -1"><span class='ocrx_word' id='word_1_1' title='bbox 172 348 230 399; x_wconf 78' lang='grc'><strong>620</strong></span> 
     </span>
    </p>
   </div>
   <div class='ocr_carea' id='block_1_2' title="bbox 128 454 954 1374">
    <p class='ocr_par' dir='ltr' id='par_1_2' title="bbox 128 454 954 1374">
     <span class='ocr_line' id='line_1_2' title="bbox 167 454 953 536; baseline 0 -21"><span class='ocrx_word' id='word_1_2' title='bbox 167 471 237 536; x_wconf 91' lang='lat' dir='ltr'><strong>petu</strong></span> <span class='ocrx_word' id='word_1_3' title='bbox 254 457 329 514; x_wconf 90' lang='lat' dir='ltr'><strong>lacto</strong></span> <span class='ocrx_word' id='word_1_4' title='bbox 344 455 482 513; x_wconf 88' lang='lat' dir='ltr'><strong>adversus</strong></span> <span class='ocrx_word' id='word_1_5' title='bbox 497 454 638 532; x_wconf 83' lang='lat' dir='ltr'>puellam,</span> <span class='ocrx_word' id='word_1_6' title='bbox 655 455 751 513; x_wconf 91' lang='lat' dir='ltr'><strong>crines</strong></span> <span class='ocrx_word' id='word_1_7' title='bbox 767 454 833 532; x_wconf 84' lang='lat' dir='ltr'><strong>ejus&#39;</strong></span> <span class='ocrx_word' id='word_1_8' title='bbox 849 475 953 534; x_wconf 90' lang='lat' dir='ltr'><strong>appre-</strong></span> 
     </span>
     <span class='ocr_line' id='line_1_3' title="bbox 167 550 954 625; baseline -0.001 -14"><span class='ocrx_word' id='word_1_9' title='bbox 167 553 284 625; x_wconf 92' lang='lat' dir='ltr'><strong>hendit,</strong></span> <span class='ocrx_word' id='word_1_10' title='bbox 297 567 324 611; x_wconf 88' lang='lat' dir='ltr'><strong>et</strong></span> <span class='ocrx_word' id='word_1_11' title='bbox 339 553 428 611; x_wconf 83' lang='lat' dir='ltr'><strong>traxit</strong></span> <span class='ocrx_word' id='word_1_12' title='bbox 442 552 478 609; x_wconf 87' lang='lat' dir='ltr'><strong>ad</strong></span> <span class='ocrx_word' id='word_1_13' title='bbox 493 551 584 611; x_wconf 90' lang='lat' dir='ltr'><strong>littus.</strong></span> <span class='ocrx_word' id='word_1_14' title='bbox 601 550 637 607; x_wconf 86' lang='lat' dir='ltr'><strong>Et</strong></span> <span class='ocrx_word' id='word_1_15' title='bbox 653 551 721 608; x_wconf 93' lang='lat' dir='ltr'><strong>dum</strong></span> <span class='ocrx_word' id='word_1_16' title='bbox 736 551 825 610; x_wconf 87' lang='lat' dir='ltr'><strong>vellet</strong></span> <span class='ocrx_word' id='word_1_17' title='bbox 838 570 899 610; x_wconf 88' lang='lat' dir='ltr'><strong>eam</strong></span> <span class='ocrx_word' id='word_1_18' title='bbox 911 553 954 610; x_wconf 93' lang='lat' dir='ltr'><strong>in·</strong></span> 
     </span>
     <span class='ocr_line' id='line_1_4' title="bbox 168 645 951 726; baseline -0.001 -19"><span class='ocrx_word' id='word_1_19' title='bbox 168 650 313 718; x_wconf 87' lang='lat' dir='ltr'><strong>terstcere,</strong></span> <span class='ocrx_word' id='word_1_20' title='bbox 338 649 379 705; x_wconf 88' lang='lat' dir='ltr'><strong>ait</strong></span> <span class='ocrx_word' id='word_1_21' title='bbox 398 647 515 725; x_wconf 88' lang='lat' dir='ltr'><strong>puella:</strong></span> <span class='ocrx_word' id='word_1_22' title='bbox 534 645 716 724; x_wconf 71' lang='lat' dir='ltr'><strong>&#39;l‘heophile,</strong></span> <span class='ocrx_word' id='word_1_23' title='bbox 730 647 802 724; x_wconf 90' lang='lat' dir='ltr'><strong>quid</strong></span> <span class='ocrx_word' id='word_1_24' title='bbox 816 648 951 726; x_wconf 87' lang='lat' dir='ltr'><strong>peceavi,</strong></span> 
     </span>
     <span class='ocr_line' id='line_1_5' title="bbox 166 740 951 804; baseline -0.003 -2"><span class='ocrx_word' id='word_1_25' title='bbox 166 759 197 804; x_wconf 88' lang='lat' dir='ltr'><strong>ut</strong></span> <span class='ocrx_word' id='word_1_26' title='bbox 212 745 248 802; x_wconf 89' lang='lat' dir='ltr'><strong>de</strong></span> <span class='ocrx_word' id='word_1_27' title='bbox 261 763 349 801; x_wconf 93' lang='lat' dir='ltr'><strong>manu</strong></span> <span class='ocrx_word' id='word_1_28' title='bbox 364 756 412 800; x_wconf 88' lang='lat' dir='ltr'><strong>tua</strong></span> <span class='ocrx_word' id='word_1_29' title='bbox 429 743 556 801; x_wconf 75' lang='lat' dir='ltr'><strong>moriar?</strong></span> <span class='ocrx_word' id='word_1_30' title='bbox 572 740 696 801; x_wconf 83' lang='lat' dir='ltr'><strong>Villieus</strong></span> <span class='ocrx_word' id='word_1_31' title='bbox 718 743 759 799; x_wconf 91' lang='lat' dir='ltr'><strong>ait</strong></span> <span class='ocrx_word' id='word_1_32' title='bbox 777 762 784 798; x_wconf 77' lang='grc' dir='ltr'>ι</span> <span class='ocrx_word' id='word_1_33' title='bbox 808 741 854 800; x_wconf 84' lang='lat' dir='ltr'><strong>Tu</strong></span> <span class='ocrx_word' id='word_1_34' title='bbox 878 741 951 801; x_wconf 87' lang='lat' dir='ltr'><strong>nihil</strong></span> 
     </span>
     <span class='ocr_line' id='line_1_6' title="bbox 138 836 952 916; baseline -0.001 -19"><span class='ocrx_word' id='word_1_35' title='bbox 138 865 151 902; x_wconf 78' lang='lat' dir='ltr'><strong>r,</strong></span> <span class='ocrx_word' id='word_1_36' title='bbox 167 839 308 915; x_wconf 94' lang='lat' dir='ltr'><strong>peccasti,</strong></span> <span class='ocrx_word' id='word_1_37' title='bbox 325 837 375 896; x_wconf 90' lang='lat' dir='ltr'><strong>sed</strong></span> <span class='ocrx_word' id='word_1_38' title='bbox 391 850 474 916; x_wconf 90' lang='lat' dir='ltr'><strong>pater</strong></span> <span class='ocrx_word' id='word_1_39' title='bbox 486 849 553 895; x_wconf 91' lang='lat' dir='ltr'><strong>tuus</strong></span> <span class='ocrx_word' id='word_1_40' title='bbox 566 836 757 914; x_wconf 79' lang='lat' dir='ltr'><strong>Apollonius,</strong></span> <span class='ocrx_word' id='word_1_41' title='bbox 773 837 825 913; x_wconf 91' lang='lat' dir='ltr'><strong>qui</strong></span> <span class='ocrx_word' id='word_1_42' title='bbox 845 849 952 896; x_wconf 90' lang='lat' dir='ltr'><strong>tecum</strong></span> 
     </span>
     <span class='ocr_line' id='line_1_7' title="bbox 165 933 949 1013; baseline 0.001 -19"><span class='ocrx_word' id='word_1_43' title='bbox 165 955 270 1011; x_wconf 88' lang='lat' dir='ltr'><strong>magna</strong></span> <span class='ocrx_word' id='word_1_44' title='bbox 282 935 407 1013; x_wconf 90' lang='lat' dir='ltr'><strong>pecunia</strong></span> <span class='ocrx_word' id='word_1_45' title='bbox 420 949 448 992; x_wconf 91' lang='lat' dir='ltr'><strong>et</strong></span> <span class='ocrx_word' id='word_1_46' title='bbox 459 934 638 992; x_wconf 83' lang='lat' dir='ltr'>ornamentis</span> <span class='ocrx_word' id='word_1_47' title='bbox 655 933 803 1009; x_wconf 87' lang='lat' dir='ltr'><strong>regalibus</strong></span> <span class='ocrx_word' id='word_1_48' title='bbox 818 933 949 1012; x_wconf 88' lang='lat' dir='ltr'><strong>reliquit.</strong></span> 
     </span>
     <span class='ocr_line' id='line_1_8' title="bbox 164 1028 949 1107; baseline 0.001 -19"><span class='ocrx_word' id='word_1_49' title='bbox 164 1030 198 1088; x_wconf 87' lang='lat' dir='ltr'><strong>Et</strong></span> <span class='ocrx_word' id='word_1_50' title='bbox 212 1031 310 1107; x_wconf 89' lang='lat' dir='ltr'><strong>puella</strong></span> <span class='ocrx_word' id='word_1_51' title='bbox 324 1031 488 1107; x_wconf 89' lang='lat' dir='ltr'><strong>lacrymans</strong></span> <span class='ocrx_word' id='word_1_52' title='bbox 506 1030 546 1086; x_wconf 92' lang='lat' dir='ltr'><strong>ait</strong></span> <span class='ocrx_word' id='word_1_53' title='bbox 566 1029 611 1086; x_wconf 91' lang='lat' dir='ltr'><strong>illi</strong></span> <span class='ocrx_word' id='word_1_54' title='bbox 626 1051 633 1084; x_wconf 75' lang='grc' dir='ltr'><strong>ε</strong></span> <span class='ocrx_word' id='word_1_55' title='bbox 654 1028 742 1101; x_wconf 86' lang='lat' dir='ltr'><strong>Peto,</strong></span> <span class='ocrx_word' id='word_1_56' title='bbox 756 1029 890 1102; x_wconf 91' lang='lat' dir='ltr'><strong>domine,</strong></span> <span class='ocrx_word' id='word_1_57' title='bbox 903 1044 949 1103; x_wconf 92' lang='lat' dir='ltr'><strong>ut,</strong></span> 
     </span>
     <span class='ocr_line' id='line_1_9' title="bbox 164 1123 949 1203; baseline 0 -19"><span class='ocrx_word' id='word_1_58' title='bbox 164 1128 189 1184; x_wconf 91' lang='lat' dir='ltr'><strong>si</strong></span> <span class='ocrx_word' id='word_1_59' title='bbox 199 1126 260 1203; x_wconf 86' lang='lat' dir='ltr'><strong>jam</strong></span> <span class='ocrx_word' id='word_1_60' title='bbox 276 1126 358 1184; x_wconf 92' lang='lat' dir='ltr'><strong>nulla</strong></span> <span class='ocrx_word' id='word_1_61' title='bbox 375 1144 441 1202; x_wconf 89' lang='lat' dir='ltr'><strong>spes</strong></span> <span class='ocrx_word' id='word_1_62' title='bbox 454 1138 497 1183; x_wconf 91' lang='lat' dir='ltr'><strong>est</strong></span> <span class='ocrx_word' id='word_1_63' title='bbox 509 1125 574 1182; x_wconf 88' lang='lat' dir='ltr'><strong>vitae</strong></span> <span class='ocrx_word' id='word_1_64' title='bbox 585 1143 666 1195; x_wconf 84' lang='lat' dir='ltr'><strong>meae,</strong></span> <span class='ocrx_word' id='word_1_65' title='bbox 683 1123 841 1182; x_wconf 82' lang='lat' dir='ltr'><strong>Dominum</strong></span> <span class='ocrx_word' id='word_1_66' title='bbox 852 1123 865 1147; x_wconf 75' lang='lat'>¹</span> <span class='ocrx_word' id='word_1_67' title='bbox 875 1125 949 1185; x_wconf 89' lang='lat' dir='ltr'><strong>milri</strong></span> 
     </span>
     <span class='ocr_line' id='line_1_10' title="bbox 165 1217 949 1300; baseline 0 -21"><span class='ocrx_word' id='word_1_68' title='bbox 165 1222 263 1280; x_wconf 89' lang='lat' dir='ltr'><strong>testari</strong></span> <span class='ocrx_word' id='word_1_69' title='bbox 276 1234 304 1279; x_wconf 91' lang='lat' dir='ltr'><strong>et</strong></span> <span class='ocrx_word' id='word_1_70' title='bbox 315 1219 430 1300; x_wconf 89' lang='lat' dir='ltr'><strong>precari</strong></span> <span class='ocrx_word' id='word_1_71' title='bbox 440 1219 603 1297; x_wconf 89' lang='lat' dir='ltr'><strong>permittas.</strong></span> <span class='ocrx_word' id='word_1_72' title='bbox 614 1218 736 1278; x_wconf 84' lang='lat' dir='ltr'><strong>Villicus</strong></span> <span class='ocrx_word' id='word_1_73' title='bbox 746 1219 786 1277; x_wconf 89' lang='lat' dir='ltr'><strong>ait</strong></span> <span class='ocrx_word' id='word_1_74' title='bbox 800 1241 807 1276; x_wconf 75' lang='grc' dir='ltr'>ε</span> <span class='ocrx_word' id='word_1_75' title='bbox 819 1217 949 1294; x_wconf 82' lang='lat' dir='ltr'><strong>&#39;l&#39;estare3</strong></span> 
     </span>
     <span class='ocr_line' id='line_1_11' title="bbox 128 1312 951 1374; baseline 0 0"><span class='ocrx_word' id='word_1_76' title='bbox 128 1334 153 1374; x_wconf 87' lang='lat' dir='ltr'><strong>to</strong></span> <span class='ocrx_word' id='word_1_77' title='bbox 167 1314 242 1372; x_wconf 88' lang='lat' dir='ltr'><strong>Deus</strong></span> <span class='ocrx_word' id='word_1_78' title='bbox 260 1313 338 1371; x_wconf 91' lang='lat' dir='ltr'><strong>enim</strong></span> <span class='ocrx_word' id='word_1_79' title='bbox 358 1313 412 1371; x_wconf 89' lang='lat' dir='ltr'><strong>scit</strong></span> <span class='ocrx_word' id='word_1_80' title='bbox 436 1332 482 1370; x_wconf 92' lang='lat' dir='ltr'><strong>me</strong></span> <span class='ocrx_word' id='word_1_81' title='bbox 502 1324 632 1370; x_wconf 89' lang='lat' dir='ltr'><strong>coactum</strong></span> <span class='ocrx_word' id='word_1_82' title='bbox 655 1312 711 1370; x_wconf 89' lang='lat' dir='ltr'><strong>hoc</strong></span> <span class='ocrx_word' id='word_1_83' title='bbox 725 1332 787 1371; x_wconf 90' lang='lat' dir='ltr'><strong>esse</strong></span> <span class='ocrx_word' id='word_1_84' title='bbox 809 1312 951 1374; x_wconf 79' lang='lat' dir='ltr'><strong>lecturum</strong></span> 
     </span>
    </p>
   </div>
   <div class='ocr_carea' id='block_1_3' title="bbox 164 1411 269 1468">
    <p class='ocr_par' dir='ltr' id='par_1_3' title="bbox 164 1411 269 1468">
     <span class='ocr_line' id='line_1_12' title="bbox 164 1411 269 1468; baseline -0.048 -1"><span class='ocrx_word' id='word_1_85' title='bbox 164 1411 269 1468; x_wconf 87' lang='lat' dir='ltr'><strong>scelus.</strong></span> 
     </span>
    </p>
   </div>
   <div class='ocr_carea' id='block_1_4' title="bbox 427 1538 682 1604">
    <p class='ocr_par' dir='ltr' id='par_1_4' title="bbox 427 1538 682 1604">
     <span class='ocr_line' id='line_1_13' title="bbox 427 1538 682 1604; baseline 0 0"><span class='ocrx_word' id='word_1_86' title='bbox 427 1539 523 1604; x_wconf 82' lang='lat' dir='ltr'><strong>CAP.</strong></span> <span class='ocrx_word' id='word_1_87' title='bbox 559 1538 682 1604; x_wconf 84' lang='lat' dir='ltr'><strong>XXIX.</strong></span> 
     </span>
    </p>
   </div>
   <div class='ocr_carea' id='block_1_5' title="bbox 45 1687 952 5216">
    <p class='ocr_par' dir='ltr' id='par_1_5' title="bbox 126 1687 952 2827">
     <span class='ocr_line' id='line_1_14' title="bbox 204 1687 951 1767; baseline -0.004 -20"><span class='ocrx_word' id='word_1_88' title='bbox 204 1688 260 1747; x_wconf 85' lang='lat' dir='ltr'><strong>Sed</strong></span> <span class='ocrx_word' id='word_1_89' title='bbox 271 1709 336 1747; x_wconf 90' lang='lat' dir='ltr'><strong>cum</strong></span> <span class='ocrx_word' id='word_1_90' title='bbox 345 1689 444 1767; x_wconf 92' lang='lat' dir='ltr'><strong>puella</strong></span> <span class='ocrx_word' id='word_1_91' title='bbox 452 1689 544 1746; x_wconf 90' lang='lat' dir='ltr'><strong>Deum</strong></span> <span class='ocrx_word' id='word_1_92' title='bbox 552 1701 732 1766; x_wconf 83' lang='lat' dir='ltr'><strong>precaretur,</strong></span> <span class='ocrx_word' id='word_1_93' title='bbox 742 1687 840 1746; x_wconf 89' lang='lat' dir='ltr'><strong>subito</strong></span> <span class='ocrx_word' id='word_1_94' title='bbox 848 1687 951 1765; x_wconf 78' lang='lat' dir='ltr'><strong>pirata·</strong></span> 
     </span>
     <span class='ocr_line' id='line_1_15' title="bbox 164 1783 951 1866; baseline -0.006 -20"><span class='ocrx_word' id='word_1_95' title='bbox 164 1800 361 1866; x_wconf 89' lang='lat' dir='ltr'><strong>apparuerunt</strong></span> <span class='ocrx_word' id='word_1_96' title='bbox 369 1810 378 1860; x_wconf 82' lang='lat'>3</span> <span class='ocrx_word' id='word_1_97' title='bbox 392 1786 564 1845; x_wconf 75' lang='lat' dir='ltr'><strong>stridentes</strong></span> <span class='ocrx_word' id='word_1_98' title='bbox 577 1784 773 1864; x_wconf 80' lang='lat' dir='ltr'><strong>puellamsub</strong></span> <span class='ocrx_word' id='word_1_99' title='bbox 784 1783 857 1861; x_wconf 90' lang='lat' dir='ltr'><strong>jugo</strong></span> <span class='ocrx_word' id='word_1_100' title='bbox 872 1804 951 1842; x_wconf 90' lang='lat' dir='ltr'><strong>mor·</strong></span> 
     </span>
     <span class='ocr_line' id='line_1_16' title="bbox 126 1879 951 1961; baseline -0.005 -21"><span class='ocrx_word' id='word_1_101' title='bbox 126 1895 151 1934; x_wconf 77' lang='lat' dir='ltr'><strong>tt</strong></span> <span class='ocrx_word' id='word_1_102' title='bbox 165 1885 202 1941; x_wconf 92' lang='lat' dir='ltr'><strong>tis</strong></span> <span class='ocrx_word' id='word_1_103' title='bbox 216 1897 307 1961; x_wconf 82' lang='lat' dir='ltr'><strong>stare,</strong></span> <span class='ocrx_word' id='word_1_104' title='bbox 324 1883 561 1941; x_wconf 80' lang='lat' dir='ltr'><strong>exclamaverunt</strong></span> <span class='ocrx_word' id='word_1_105' title='bbox 572 1882 701 1939; x_wconf 89' lang='lat' dir='ltr'><strong>diceutes</strong></span> <span class='ocrx_word' id='word_1_106' title='bbox 719 1902 725 1938; x_wconf 92' lang='lat'>:</span> <span class='ocrx_word' id='word_1_107' title='bbox 742 1879 951 1938; x_wconf 89' lang='lat' dir='ltr'><strong>Crudelissime</strong></span> 
     </span>
     <span class='ocr_line' id='line_1_17' title="bbox 154 1975 948 2057; baseline -0.001 -24"><span class='ocrx_word' id='word_1_108' title='bbox 154 1978 305 2053; x_wconf 80' lang='lat' dir='ltr'><strong>barbare,</strong></span> <span class='ocrx_word' id='word_1_109' title='bbox 322 1999 426 2057; x_wconf 87' lang='lat' dir='ltr'><strong>parce,</strong></span> <span class='ocrx_word' id='word_1_110' title='bbox 446 1978 543 2055; x_wconf 93' lang='lat' dir='ltr'><strong>tuqui</strong></span> <span class='ocrx_word' id='word_1_111' title='bbox 559 1977 666 2035; x_wconf 86' lang='lat' dir='ltr'><strong>serrum</strong></span> <span class='ocrx_word' id='word_1_112' title='bbox 683 1989 773 2035; x_wconf 89' lang='lat' dir='ltr'><strong>tenes.</strong></span> <span class='ocrx_word' id='word_1_113' title='bbox 792 1975 858 2033; x_wconf 85' lang='lat' dir='ltr'><strong>llaec</strong></span> <span class='ocrx_word' id='word_1_114' title='bbox 871 1976 948 2033; x_wconf 93' lang='lat' dir='ltr'><strong>enim</strong></span> 
     </span>
     <span class='ocr_line' id='line_1_18' title="bbox 163 2073 950 2156; baseline -0.003 -22"><span class='ocrx_word' id='word_1_115' title='bbox 163 2077 264 2156; x_wconf 82' lang='lat' dir='ltr'><strong>praeda</strong></span> <span class='ocrx_word' id='word_1_116' title='bbox 281 2091 382 2135; x_wconf 89' lang='lat' dir='ltr'><strong>nostra</strong></span> <span class='ocrx_word' id='word_1_117' title='bbox 393 2090 453 2147; x_wconf 90' lang='lat' dir='ltr'><strong>est,</strong></span> <span class='ocrx_word' id='word_1_118' title='bbox 469 2095 528 2133; x_wconf 90' lang='lat' dir='ltr'><strong>non</strong></span> <span class='ocrx_word' id='word_1_119' title='bbox 541 2088 589 2133; x_wconf 91' lang='lat' dir='ltr'><strong>tua</strong></span> <span class='ocrx_word' id='word_1_120' title='bbox 603 2074 732 2132; x_wconf 87' lang='lat' dir='ltr'><strong>victima.</strong></span> <span class='ocrx_word' id='word_1_121' title='bbox 746 2073 877 2145; x_wconf 73' lang='lat' dir='ltr'><strong>villicus,</strong></span> <span class='ocrx_word' id='word_1_122' title='bbox 902 2093 950 2132; x_wconf 91' lang='lat' dir='ltr'><strong>vo·</strong></span> 
     </span>
     <span class='ocr_line' id='line_1_19' title="bbox 163 2172 949 2252; baseline -0.005 -21"><span class='ocrx_word' id='word_1_123' title='bbox 163 2173 246 2232; x_wconf 91' lang='lat' dir='ltr'><strong>cibus</strong></span> <span class='ocrx_word' id='word_1_124' title='bbox 269 2177 429 2252; x_wconf 88' lang='lat' dir='ltr'><strong>piratarum</strong></span> <span class='ocrx_word' id='word_1_125' title='bbox 445 2175 578 2244; x_wconf 88' lang='lat' dir='ltr'><strong>territus,</strong></span> <span class='ocrx_word' id='word_1_126' title='bbox 595 2172 668 2247; x_wconf 81' lang='lat' dir='ltr'><strong>fugit</strong></span> <span class='ocrx_word' id='word_1_127' title='bbox 687 2184 754 2249; x_wconf 88' lang='lat' dir='ltr'><strong>post</strong></span> <span class='ocrx_word' id='word_1_128' title='bbox 773 2190 949 2228; x_wconf 89' lang='lat' dir='ltr'><strong>monumen-</strong></span> 
     </span>
     <span class='ocr_line' id='line_1_20' title="bbox 163 2266 950 2348; baseline -0.005 -22"><span class='ocrx_word' id='word_1_129' title='bbox 163 2281 235 2326; x_wconf 85' lang='lat' dir='ltr'><strong>tum.</strong></span> <span class='ocrx_word' id='word_1_130' title='bbox 249 2268 284 2326; x_wconf 86' lang='lat' dir='ltr'><strong>Et</strong></span> <span class='ocrx_word' id='word_1_131' title='bbox 294 2271 395 2348; x_wconf 80' lang='lat' dir='ltr'><strong>piratae</strong></span> <span class='ocrx_word' id='word_1_132' title='bbox 405 2270 584 2347; x_wconf 82' lang='lat' dir='ltr'><strong>applicantes</strong></span> <span class='ocrx_word' id='word_1_133' title='bbox 596 2267 632 2325; x_wconf 93' lang='lat' dir='ltr'><strong>ad</strong></span> <span class='ocrx_word' id='word_1_134' title='bbox 644 2266 950 2337; x_wconf 82' lang='lat' dir='ltr'><strong>tinus,uuleruntvi1·-</strong></span> 
     </span>
     <span class='ocr_line' id='line_1_21' title="bbox 126 2363 951 2455; baseline -0.001 -33"><span class='ocrx_word' id='word_1_135' title='bbox 126 2365 259 2439; x_wconf 76' lang='lat' dir='ltr'><strong>reginem</strong></span> <span class='ocrx_word' id='word_1_136' title='bbox 283 2378 311 2422; x_wconf 90' lang='lat' dir='ltr'><strong>et</strong></span> <span class='ocrx_word' id='word_1_137' title='bbox 328 2366 385 2423; x_wconf 89' lang='lat' dir='ltr'><strong>alta</strong></span> <span class='ocrx_word' id='word_1_138' title='bbox 407 2364 503 2443; x_wconf 85' lang='lat' dir='ltr'><strong>pelagi</strong></span> <span class='ocrx_word' id='word_1_139' title='bbox 535 2364 692 2442; x_wconf 91' lang='lat' dir='ltr'><strong>petierunt.</strong></span> <span class='ocrx_word' id='word_1_140' title='bbox 716 2363 857 2434; x_wconf 87' lang='lat' dir='ltr'><strong>Villicus,</strong></span> <span class='ocrx_word' id='word_1_141' title='bbox 883 2377 951 2455; x_wconf 53' lang='grc' dir='ltr'>ιιοιι</span> 
     </span>
     <span class='ocr_line' id='line_1_22' title="bbox 160 2459 949 2538; baseline -0.001 -20"><span class='ocrx_word' id='word_1_142' title='bbox 160 2480 286 2535; x_wconf 84' lang='lat' dir='ltr'><strong>moram,</strong></span> <span class='ocrx_word' id='word_1_143' title='bbox 296 2463 384 2536; x_wconf 70' lang='lat' dir='ltr'><strong>exiit,</strong></span> <span class='ocrx_word' id='word_1_144' title='bbox 399 2476 427 2519; x_wconf 91' lang='lat' dir='ltr'><strong>et</strong></span> <span class='ocrx_word' id='word_1_145' title='bbox 437 2461 540 2519; x_wconf 87' lang='lat' dir='ltr'><strong>videns</strong></span> <span class='ocrx_word' id='word_1_146' title='bbox 550 2459 677 2538; x_wconf 92' lang='lat' dir='ltr'><strong>puellam</strong></span> <span class='ocrx_word' id='word_1_147' title='bbox 690 2472 801 2536; x_wconf 88' lang='lat' dir='ltr'><strong>raptam</strong></span> <span class='ocrx_word' id='word_1_148' title='bbox 816 2479 832 2515; x_wconf 92' lang='lat' dir='ltr'><strong>a</strong></span> <span class='ocrx_word' id='word_1_149' title='bbox 845 2472 949 2537; x_wconf 87' lang='lat' dir='ltr'><strong>morte,</strong></span> 
     </span>
     <span class='ocr_line' id='line_1_23' title="bbox 162 2555 952 2633; baseline -0.003 -19"><span class='ocrx_word' id='word_1_150' title='bbox 162 2558 270 2632; x_wconf 83' lang='lat' dir='ltr'><strong>gratias</strong></span> <span class='ocrx_word' id='word_1_151' title='bbox 290 2558 350 2633; x_wconf 86' lang='lat' dir='ltr'><strong>egit</strong></span> <span class='ocrx_word' id='word_1_152' title='bbox 373 2558 450 2631; x_wconf 86' lang='lat' dir='ltr'><strong>lleo,</strong></span> <span class='ocrx_word' id='word_1_153' title='bbox 476 2555 556 2632; x_wconf 89' lang='lat' dir='ltr'><strong>quod</strong></span> <span class='ocrx_word' id='word_1_154' title='bbox 578 2575 637 2612; x_wconf 91' lang='lat' dir='ltr'><strong>non</strong></span> <span class='ocrx_word' id='word_1_155' title='bbox 660 2556 774 2613; x_wconf 86' lang='lat' dir='ltr'><strong>lecisset</strong></span> <span class='ocrx_word' id='word_1_156' title='bbox 797 2555 906 2626; x_wconf 89' lang='lat' dir='ltr'><strong>scelus;</strong></span> <span class='ocrx_word' id='word_1_157' title='bbox 923 2568 952 2612; x_wconf 92' lang='lat' dir='ltr'><strong>et</strong></span> 
     </span>
     <span class='ocr_line' id='line_1_24' title="bbox 163 2650 951 2722; baseline -0.001 -12"><span class='ocrx_word' id='word_1_158' title='bbox 163 2673 297 2713; x_wconf 90' lang='lat' dir='ltr'><strong>reversus</strong></span> <span class='ocrx_word' id='word_1_159' title='bbox 323 2654 358 2712; x_wconf 89' lang='lat' dir='ltr'><strong>ad</strong></span> <span class='ocrx_word' id='word_1_160' title='bbox 380 2655 547 2713; x_wconf 85' lang='lat' dir='ltr'><strong>sceleratam</strong></span> <span class='ocrx_word' id='word_1_161' title='bbox 569 2651 738 2722; x_wconf 90' lang='lat' dir='ltr'><strong>mulierem,</strong></span> <span class='ocrx_word' id='word_1_162' title='bbox 763 2651 804 2708; x_wconf 89' lang='lat' dir='ltr'><strong>ait</strong></span> <span class='ocrx_word' id='word_1_163' title='bbox 830 2673 836 2707; x_wconf 94' lang='lat'><strong>:</strong></span> <span class='ocrx_word' id='word_1_164' title='bbox 866 2650 951 2720; x_wconf 79' lang='lat' dir='ltr'><strong>Quod</strong></span> 
     </span>
     <span class='ocr_line' id='line_1_25' title="bbox 163 2745 950 2827; baseline -0.004 -20"><span class='ocrx_word' id='word_1_165' title='bbox 163 2750 344 2827; x_wconf 81' lang='lat' dir='ltr'><strong>praecepisti,</strong></span> <span class='ocrx_word' id='word_1_166' title='bbox 367 2749 501 2819; x_wconf 90' lang='lat' dir='ltr'><strong>domina,</strong></span> <span class='ocrx_word' id='word_1_167' title='bbox 528 2747 632 2804; x_wconf 87' lang='lat' dir='ltr'><strong>sactum</strong></span> <span class='ocrx_word' id='word_1_168' title='bbox 658 2760 717 2817; x_wconf 73' lang='lat' dir='ltr'><strong>est,</strong></span> <span class='ocrx_word' id='word_1_169' title='bbox 737 2745 851 2823; x_wconf 87' lang='lat' dir='ltr'><strong>comple</strong></span> <span class='ocrx_word' id='word_1_170' title='bbox 872 2747 950 2824; x_wconf 88' lang='lat' dir='ltr'><strong>quod</strong></span> 
     </span>
    </p>

    <p class='ocr_par' dir='ltr' id='par_1_6' title="bbox 45 2840 950 3309">
     <span class='ocr_line' id='line_1_26' title="bbox 45 2840 948 2924; baseline -0.006 -19"><span class='ocrx_word' id='word_1_171' title='bbox 45 2880 50 2887; x_wconf 79' lang='lat'><em>=</em></span> <span class='ocrx_word' id='word_1_172' title='bbox 123 2859 150 2897; x_wconf 74' lang='lat' dir='ltr'><strong>aa</strong></span> <span class='ocrx_word' id='word_1_173' title='bbox 161 2846 336 2924; x_wconf 88' lang='lat' dir='ltr'><strong>promisisti.</strong></span> <span class='ocrx_word' id='word_1_174' title='bbox 349 2846 386 2905; x_wconf 89' lang='lat' dir='ltr'><strong>Et</strong></span> <span class='ocrx_word' id='word_1_175' title='bbox 397 2844 536 2903; x_wconf 87' lang='lat' dir='ltr'><strong>scelerata</strong></span> <span class='ocrx_word' id='word_1_176' title='bbox 547 2842 654 2901; x_wconf 87' lang='lat' dir='ltr'><strong>mulier</strong></span> <span class='ocrx_word' id='word_1_177' title='bbox 665 2844 707 2899; x_wconf 90' lang='lat' dir='ltr'><strong>ait</strong></span> <span class='ocrx_word' id='word_1_178' title='bbox 721 2863 728 2898; x_wconf 76' lang='grc' dir='ltr'>ε</span> <span class='ocrx_word' id='word_1_179' title='bbox 744 2840 822 2910; x_wconf 82' lang='grc' dir='ltr'>ΟιιὶιΙ</span> <span class='ocrx_word' id='word_1_180' title='bbox 837 2860 948 2914; x_wconf 89' lang='lat' dir='ltr'><strong>narras,</strong></span> 
     </span>
     <span class='ocr_line' id='line_1_27' title="bbox 163 2935 950 3019; baseline -0.006 -20"><span class='ocrx_word' id='word_1_181' title='bbox 163 2940 237 2999; x_wconf 87' lang='lat' dir='ltr'><strong>latro</strong></span> <span class='ocrx_word' id='word_1_182' title='bbox 251 2942 395 3019; x_wconf 79' lang='lat' dir='ltr'><strong>pessime?</strong></span> <span class='ocrx_word' id='word_1_183' title='bbox 408 2938 599 2997; x_wconf 88' lang='lat' dir='ltr'><strong>homicidium</strong></span> <span class='ocrx_word' id='word_1_184' title='bbox 618 2937 730 3007; x_wconf 81' lang='lat' dir='ltr'><strong>fecisti,</strong></span> <span class='ocrx_word' id='word_1_185' title='bbox 746 2949 774 2994; x_wconf 90' lang='lat' dir='ltr'><strong>et</strong></span> <span class='ocrx_word' id='word_1_186' title='bbox 787 2935 950 2996; x_wconf 90' lang='lat' dir='ltr'><strong>libertatem</strong></span> 
     </span>
     <span class='ocr_line' id='line_1_28' title="bbox 168 3035 949 3118; baseline -0.009 -21"><span class='ocrx_word' id='word_1_187' title='bbox 168 3040 292 3118; x_wconf 71' lang='lat' dir='ltr'><strong>quaeris!</strong></span> <span class='ocrx_word' id='word_1_188' title='bbox 320 3038 477 3095; x_wconf 82' lang='lat' dir='ltr'><strong>Revertere</strong></span> <span class='ocrx_word' id='word_1_189' title='bbox 505 3038 537 3095; x_wconf 90' lang='lat' dir='ltr'><strong>in</strong></span> <span class='ocrx_word' id='word_1_190' title='bbox 562 3035 681 3105; x_wconf 91' lang='lat' dir='ltr'><strong>villam,</strong></span> <span class='ocrx_word' id='word_1_191' title='bbox 707 3047 734 3090; x_wconf 86' lang='lat' dir='ltr'><strong>et</strong></span> <span class='ocrx_word' id='word_1_192' title='bbox 766 3053 841 3112; x_wconf 89' lang='lat' dir='ltr'><strong>opus</strong></span> <span class='ocrx_word' id='word_1_193' title='bbox 868 3046 949 3091; x_wconf 92' lang='lat' dir='ltr'><strong>tuum</strong></span> 
     </span>
     <span class='ocr_line' id='line_1_29' title="bbox 165 3128 950 3206; baseline -0.009 -13"><span class='ocrx_word' id='word_1_194' title='bbox 165 3136 224 3206; x_wconf 89' lang='lat' dir='ltr'><strong>lac,</strong></span> <span class='ocrx_word' id='word_1_195' title='bbox 240 3153 276 3192; x_wconf 91' lang='lat' dir='ltr'><strong>ne</strong></span> <span class='ocrx_word' id='word_1_196' title='bbox 287 3136 393 3191; x_wconf 90' lang='lat' dir='ltr'><strong>iratum</strong></span> <span class='ocrx_word' id='word_1_197' title='bbox 408 3133 561 3191; x_wconf 91' lang='lat' dir='ltr'><strong>dominum</strong></span> <span class='ocrx_word' id='word_1_198' title='bbox 572 3144 601 3189; x_wconf 90' lang='lat' dir='ltr'><strong>et</strong></span> <span class='ocrx_word' id='word_1_199' title='bbox 612 3129 746 3189; x_wconf 91' lang='lat' dir='ltr'><strong>dominas</strong></span> <span class='ocrx_word' id='word_1_200' title='bbox 758 3130 876 3190; x_wconf 86' lang='lat' dir='ltr'><strong>sentias.</strong></span> <span class='ocrx_word' id='word_1_201' title='bbox 889 3128 950 3187; x_wconf 89' lang='lat' dir='ltr'><strong>Vil-</strong></span> 
     </span>
     <span class='ocr_line' id='line_1_30' title="bbox 166 3226 950 3309; baseline -0.004 -21"><span class='ocrx_word' id='word_1_202' title='bbox 166 3232 241 3289; x_wconf 91' lang='lat' dir='ltr'><strong>licus</strong></span> <span class='ocrx_word' id='word_1_203' title='bbox 253 3232 425 3309; x_wconf 70' lang='lat' dir='ltr'><strong>aporiatus*</strong></span> <span class='ocrx_word' id='word_1_204' title='bbox 439 3228 516 3301; x_wconf 89' lang='lat' dir='ltr'><strong>ibat;</strong></span> <span class='ocrx_word' id='word_1_205' title='bbox 527 3241 556 3287; x_wconf 94' lang='lat' dir='ltr'><strong>et</strong></span> <span class='ocrx_word' id='word_1_206' title='bbox 575 3227 692 3285; x_wconf 89' lang='lat' dir='ltr'><strong>elevans</strong></span> <span class='ocrx_word' id='word_1_207' title='bbox 709 3246 826 3284; x_wconf 90' lang='lat' dir='ltr'><strong>manum</strong></span> <span class='ocrx_word' id='word_1_208' title='bbox 839 3226 875 3284; x_wconf 88' lang='lat' dir='ltr'><strong>ad</strong></span> <span class='ocrx_word' id='word_1_209' title='bbox 889 3227 950 3286; x_wconf 88' lang='lat' dir='ltr'><strong>Do-</strong></span> 
     </span>
    </p>

    <p class='ocr_par' dir='ltr' id='par_1_7' title="bbox 120 3324 950 3596">
     <span class='ocr_line' id='line_1_31' title="bbox 120 3324 950 3402; baseline -0.007 -15"><span class='ocrx_word' id='word_1_210' title='bbox 120 3347 148 3387; x_wconf 82' lang='lat' dir='ltr'><strong>ao</strong></span> <span class='ocrx_word' id='word_1_211' title='bbox 163 3329 273 3387; x_wconf 87' lang='lat' dir='ltr'><strong>minum</strong></span> <span class='ocrx_word' id='word_1_212' title='bbox 289 3328 449 3397; x_wconf 86' lang='lat' dir='ltr'><strong>:Domine,</strong></span> <span class='ocrx_word' id='word_1_213' title='bbox 463 3327 564 3384; x_wconf 89' lang='lat' dir='ltr'><strong>tuscis</strong></span> <span class='ocrx_word' id='word_1_214' title='bbox 577 3325 718 3402; x_wconf 89' lang='lat' dir='ltr'><strong>quianon</strong></span> <span class='ocrx_word' id='word_1_215' title='bbox 732 3324 786 3381; x_wconf 90' lang='lat' dir='ltr'><strong>leci</strong></span> <span class='ocrx_word' id='word_1_216' title='bbox 799 3324 877 3382; x_wconf 89' lang='lat' dir='ltr'><strong>istud</strong></span> <span class='ocrx_word' id='word_1_217' title='bbox 890 3342 950 3382; x_wconf 88' lang='lat' dir='ltr'><strong>sce·</strong></span> 
     </span>
     <span class='ocr_line' id='line_1_32' title="bbox 162 3419 948 3501; baseline -0.01 -17"><span class='ocrx_word' id='word_1_218' title='bbox 162 3426 223 3496; x_wconf 73' lang='lat' dir='ltr'><strong>lus,</strong></span> <span class='ocrx_word' id='word_1_219' title='bbox 236 3437 298 3482; x_wconf 91' lang='lat' dir='ltr'><strong>esto</strong></span> <span class='ocrx_word' id='word_1_220' title='bbox 309 3424 401 3501; x_wconf 83' lang='lat' dir='ltr'><strong>judex</strong></span> <span class='ocrx_word' id='word_1_221' title='bbox 413 3425 444 3482; x_wconf 90' lang='lat' dir='ltr'><strong>in</strong></span> <span class='ocrx_word' id='word_1_222' title='bbox 458 3424 512 3480; x_wconf 90' lang='lat' dir='ltr'><strong>hac</strong></span> <span class='ocrx_word' id='word_1_223' title='bbox 523 3441 623 3481; x_wconf 87' lang='lat' dir='ltr'><strong>causa.</strong></span> <span class='ocrx_word' id='word_1_224' title='bbox 641 3420 676 3477; x_wconf 86' lang='lat' dir='ltr'><strong>Et</strong></span> <span class='ocrx_word' id='word_1_225' title='bbox 688 3420 777 3477; x_wconf 92' lang='lat' dir='ltr'><strong>rediit</strong></span> <span class='ocrx_word' id='word_1_226' title='bbox 787 3419 823 3476; x_wconf 93' lang='lat' dir='ltr'><strong>ad</strong></span> <span class='ocrx_word' id='word_1_227' title='bbox 836 3420 948 3476; x_wconf 83' lang='lat' dir='ltr'><strong>villam.</strong></span> 
     </span>
     <span class='ocr_line' id='line_1_33' title="bbox 162 3515 948 3596; baseline -0.006 -18"><span class='ocrx_word' id='word_1_228' title='bbox 162 3521 283 3579; x_wconf 88' lang='lat' dir='ltr'><strong>Postera</strong></span> <span class='ocrx_word' id='word_1_229' title='bbox 301 3539 372 3577; x_wconf 91' lang='lat' dir='ltr'><strong>vero</strong></span> <span class='ocrx_word' id='word_1_230' title='bbox 388 3518 450 3590; x_wconf 90' lang='lat' dir='ltr'><strong>die,</strong></span> <span class='ocrx_word' id='word_1_231' title='bbox 469 3518 564 3596; x_wconf 88' lang='lat' dir='ltr'><strong>prima</strong></span> <span class='ocrx_word' id='word_1_232' title='bbox 577 3517 658 3584; x_wconf 92' lang='lat' dir='ltr'><strong>luce,</strong></span> <span class='ocrx_word' id='word_1_233' title='bbox 677 3515 817 3572; x_wconf 88' lang='lat' dir='ltr'><strong>scelerata</strong></span> <span class='ocrx_word' id='word_1_234' title='bbox 831 3515 948 3587; x_wconf 90' lang='lat' dir='ltr'><strong>mulier,</strong></span> 
     </span>
    </p>

    <p class='ocr_par' dir='ltr' id='par_1_8' title="bbox 137 3609 949 3785">
     <span class='ocr_line' id='line_1_34' title="bbox 137 3609 947 3697; baseline -0.009 -22"><span class='ocrx_word' id='word_1_235' title='bbox 137 3690 141 3697; x_wconf 26' lang='lat'>¹</span> <span class='ocrx_word' id='word_1_236' title='bbox 163 3617 321 3675; x_wconf 88' lang='lat' dir='ltr'><strong>admissum</strong></span> <span class='ocrx_word' id='word_1_237' title='bbox 344 3615 455 3673; x_wconf 86' lang='lat' dir='ltr'><strong>lacinus</strong></span> <span class='ocrx_word' id='word_1_238' title='bbox 479 3612 596 3672; x_wconf 89' lang='lat' dir='ltr'><strong>insidiis</strong></span> <span class='ocrx_word' id='word_1_239' title='bbox 610 3625 638 3669; x_wconf 90' lang='lat' dir='ltr'><strong>et</strong></span> <span class='ocrx_word' id='word_1_240' title='bbox 660 3609 762 3668; x_wconf 83' lang='lat' dir='ltr'><strong>fraude</strong></span> <span class='ocrx_word' id='word_1_241' title='bbox 780 3611 883 3668; x_wconf 91' lang='lat' dir='ltr'><strong>volens</strong></span> <span class='ocrx_word' id='word_1_242' title='bbox 903 3630 947 3669; x_wconf 90' lang='lat' dir='ltr'><strong>ce·</strong></span> 
     </span>
     <span class='ocr_line' id='line_1_35' title="bbox 163 3694 949 3785; baseline -0.006 -14"><span class='ocrx_word' id='word_1_243' title='bbox 163 3714 240 3785; x_wconf 90' lang='lat' dir='ltr'><strong>lare,</strong></span> <span class='ocrx_word' id='word_1_244' title='bbox 257 3712 381 3770; x_wconf 82' lang='lat' dir='ltr'><strong>famulos</strong></span> <span class='ocrx_word' id='word_1_245' title='bbox 394 3712 475 3770; x_wconf 91' lang='lat' dir='ltr'><strong>misit</strong></span> <span class='ocrx_word' id='word_1_246' title='bbox 484 3710 520 3768; x_wconf 98' lang='lat' dir='ltr'><strong>ad</strong></span> <span class='ocrx_word' id='word_1_247' title='bbox 533 3709 680 3767; x_wconf 88' lang='lat' dir='ltr'><strong>vocandos</strong></span> <span class='ocrx_word' id='word_1_248' title='bbox 693 3708 813 3768; x_wconf 86' lang='lat' dir='ltr'><strong>amicos.</strong></span> <span class='ocrx_word' id='word_1_249' title='bbox 828 3694 887 3776; x_wconf 79' lang='lat' dir='ltr'><strong>Qui</strong></span> <span class='ocrx_word' id='word_1_250' title='bbox 901 3727 949 3766; x_wconf 85' lang='lat' dir='ltr'><strong>ve·</strong></span> 
     </span>
    </p>

    <p class='ocr_par' dir='ltr' id='par_1_9' title="bbox 119 3803 951 4749">
     <span class='ocr_line' id='line_1_36' title="bbox 119 3803 950 3879; baseline -0.008 -12"><span class='ocrx_word' id='word_1_251' title='bbox 119 3820 145 3858; x_wconf 72' lang='lat'><strong>³⁶</strong></span> <span class='ocrx_word' id='word_1_252' title='bbox 163 3811 276 3867; x_wconf 90' lang='lat' dir='ltr'><strong>nientes</strong></span> <span class='ocrx_word' id='word_1_253' title='bbox 287 3807 490 3866; x_wconf 89' lang='lat' dir='ltr'><strong>consederunt.</strong></span> <span class='ocrx_word' id='word_1_254' title='bbox 503 3804 587 3863; x_wconf 90' lang='lat' dir='ltr'><strong>Tunc</strong></span> <span class='ocrx_word' id='word_1_255' title='bbox 599 3805 737 3863; x_wconf 89' lang='lat' dir='ltr'><strong>scelerata</strong></span> <span class='ocrx_word' id='word_1_256' title='bbox 748 3803 854 3861; x_wconf 92' lang='lat' dir='ltr'><strong>mulier</strong></span> <span class='ocrx_word' id='word_1_257' title='bbox 865 3804 950 3879; x_wconf 92' lang='lat' dir='ltr'><strong>lugu·</strong></span> 
     </span>
     <span class='ocr_line' id='line_1_37' title="bbox 163 3899 948 3974; baseline -0.008 -10"><span class='ocrx_word' id='word_1_258' title='bbox 163 3906 266 3964; x_wconf 91' lang='lat' dir='ltr'><strong>bribus</strong></span> <span class='ocrx_word' id='word_1_259' title='bbox 289 3903 420 3964; x_wconf 89' lang='lat' dir='ltr'><strong>vestibus</strong></span> <span class='ocrx_word' id='word_1_260' title='bbox 443 3903 637 3974; x_wconf 89' lang='lat' dir='ltr'><strong>circumdata,</strong></span> <span class='ocrx_word' id='word_1_261' title='bbox 661 3901 778 3959; x_wconf 89' lang='lat' dir='ltr'><strong>laniatis</strong></span> <span class='ocrx_word' id='word_1_262' title='bbox 799 3899 948 3974; x_wconf 83' lang='lat' dir='ltr'><strong>crinibus,</strong></span> 
     </span>
     <span class='ocr_line' id='line_1_38' title="bbox 162 3996 951 4080; baseline -0.005 -20"><span class='ocrx_word' id='word_1_263' title='bbox 162 4002 243 4060; x_wconf 91' lang='lat' dir='ltr'><strong>nudo</strong></span> <span class='ocrx_word' id='word_1_264' title='bbox 257 4015 285 4060; x_wconf 95' lang='lat' dir='ltr'><strong>et</strong></span> <span class='ocrx_word' id='word_1_265' title='bbox 307 4000 401 4059; x_wconf 91' lang='lat' dir='ltr'><strong>livido</strong></span> <span class='ocrx_word' id='word_1_266' title='bbox 422 4013 539 4080; x_wconf 89' lang='lat' dir='ltr'><strong>pectore</strong></span> <span class='ocrx_word' id='word_1_267' title='bbox 561 3996 710 4057; x_wconf 87' lang='lat' dir='ltr'><strong>affirmans</strong></span> <span class='ocrx_word' id='word_1_268' title='bbox 725 3998 858 4071; x_wconf 89' lang='lat' dir='ltr'><strong>dolores,</strong></span> <span class='ocrx_word' id='word_1_269' title='bbox 878 3999 951 4057; x_wconf 88' lang='lat' dir='ltr'><strong>exiit</strong></span> 
     </span>
     <span class='ocr_line' id='line_1_39' title="bbox 162 4093 948 4169; baseline -0.003 -16"><span class='ocrx_word' id='word_1_270' title='bbox 162 4095 199 4153; x_wconf 91' lang='lat' dir='ltr'><strong>de</strong></span> <span class='ocrx_word' id='word_1_271' title='bbox 220 4095 373 4168; x_wconf 90' lang='lat' dir='ltr'><strong>cubiculo,</strong></span> <span class='ocrx_word' id='word_1_272' title='bbox 396 4108 424 4153; x_wconf 91' lang='lat' dir='ltr'><strong>et</strong></span> <span class='ocrx_word' id='word_1_273' title='bbox 448 4097 529 4153; x_wconf 90' lang='lat' dir='ltr'><strong>fictas</strong></span> <span class='ocrx_word' id='word_1_274' title='bbox 547 4093 670 4151; x_wconf 84' lang='lat' dir='ltr'><strong>lundens</strong></span> <span class='ocrx_word' id='word_1_275' title='bbox 694 4094 854 4169; x_wconf 84' lang='lat' dir='ltr'><strong>lacrymas,</strong></span> <span class='ocrx_word' id='word_1_276' title='bbox 877 4094 918 4152; x_wconf 87' lang='lat' dir='ltr'><strong>ait</strong></span> <span class='ocrx_word' id='word_1_277' title='bbox 941 4115 948 4151; x_wconf 91' lang='lat'>:</span> 
     </span>
     <span class='ocr_line' id='line_1_40' title="bbox 164 4179 947 4266; baseline -0.004 -17"><span class='ocrx_word' id='word_1_278' title='bbox 164 4179 258 4249; x_wconf 80' lang='lat' dir='ltr'><strong>Amici</strong></span> <span class='ocrx_word' id='word_1_279' title='bbox 267 4188 947 4266; x_wconf 76' lang='lat' dir='ltr'><strong>fidelissimi,scitote&#39;larsiaurApolloniifiliam</strong></span> 
     </span>
     <span class='ocr_line' id='line_1_41' title="bbox 122 4284 951 4359; baseline -0.002 -14"><span class='ocrx_word' id='word_1_280' title='bbox 122 4299 147 4338; x_wconf 79' lang='grc' dir='ltr'>ιο</span> <span class='ocrx_word' id='word_1_281' title='bbox 165 4287 299 4346; x_wconf 84' lang='lat' dir='ltr'><strong>hesterna</strong></span> <span class='ocrx_word' id='word_1_282' title='bbox 311 4287 374 4359; x_wconf 90' lang='lat' dir='ltr'><strong>die,</strong></span> <span class='ocrx_word' id='word_1_283' title='bbox 388 4286 541 4345; x_wconf 89' lang='lat' dir='ltr'><strong>subitaneo</strong></span> <span class='ocrx_word' id='word_1_284' title='bbox 552 4285 653 4344; x_wconf 88' lang='lat' dir='ltr'><strong>dolore</strong></span> <span class='ocrx_word' id='word_1_285' title='bbox 668 4285 819 4358; x_wconf 87' lang='lat' dir='ltr'><strong>stomachi,</strong></span> <span class='ocrx_word' id='word_1_286' title='bbox 835 4285 866 4342; x_wconf 89' lang='lat' dir='ltr'><strong>in</strong></span> <span class='ocrx_word' id='word_1_287' title='bbox 879 4284 951 4344; x_wconf 91' lang='lat' dir='ltr'><strong>villa</strong></span> 
     </span>
     <span class='ocr_line' id='line_1_42' title="bbox 163 4381 951 4460; baseline -0.004 -16"><span class='ocrx_word' id='word_1_288' title='bbox 163 4384 333 4444; x_wconf 90' lang='lat' dir='ltr'><strong>suburbana</strong></span> <span class='ocrx_word' id='word_1_289' title='bbox 346 4404 408 4444; x_wconf 89' lang='lat' dir='ltr'><strong>esse</strong></span> <span class='ocrx_word' id='word_1_290' title='bbox 419 4384 601 4455; x_wconf 80' lang='lat' dir='ltr'><strong>defunctam,</strong></span> <span class='ocrx_word' id='word_1_291' title='bbox 616 4402 719 4460; x_wconf 88' lang='lat' dir='ltr'><strong>meque</strong></span> <span class='ocrx_word' id='word_1_292' title='bbox 731 4401 793 4440; x_wconf 89' lang='lat' dir='ltr'><strong>eam</strong></span> <span class='ocrx_word' id='word_1_293' title='bbox 808 4381 951 4441; x_wconf 89' lang='lat' dir='ltr'><strong>honestis·</strong></span> 
     </span>
     <span class='ocr_line' id='line_1_43' title="bbox 163 4479 950 4555; baseline -0.004 -16"><span class='ocrx_word' id='word_1_294' title='bbox 163 4482 239 4540; x_wconf 92' lang='lat' dir='ltr'><strong>simo</strong></span> <span class='ocrx_word' id='word_1_295' title='bbox 255 4481 356 4539; x_wconf 85' lang='lat' dir='ltr'><strong>sunere</strong></span> <span class='ocrx_word' id='word_1_296' title='bbox 377 4480 524 4539; x_wconf 85' lang='lat' dir='ltr'><strong>extulisse.</strong></span> <span class='ocrx_word' id='word_1_297' title='bbox 545 4479 653 4537; x_wconf 86' lang='lat' dir='ltr'><strong>Omnes</strong></span> <span class='ocrx_word' id='word_1_298' title='bbox 674 4483 760 4555; x_wconf 58' lang='lat' dir='ltr'><strong>vero,</strong></span> <span class='ocrx_word' id='word_1_299' title='bbox 777 4497 813 4535; x_wconf 84' lang='lat' dir='ltr'><strong>ex</strong></span> <span class='ocrx_word' id='word_1_300' title='bbox 832 4479 950 4536; x_wconf 91' lang='lat' dir='ltr'><strong>anima-</strong></span> 
     </span>
     <span class='ocr_line' id='line_1_44' title="bbox 163 4573 948 4650; baseline -0.003 -14"><span class='ocrx_word' id='word_1_301' title='bbox 163 4579 242 4636; x_wconf 90' lang='lat' dir='ltr'><strong>tione</strong></span> <span class='ocrx_word' id='word_1_302' title='bbox 257 4597 424 4636; x_wconf 88' lang='lat' dir='ltr'><strong>sermonum</strong></span> <span class='ocrx_word' id='word_1_303' title='bbox 436 4590 464 4634; x_wconf 90' lang='lat' dir='ltr'><strong>et</strong></span> <span class='ocrx_word' id='word_1_304' title='bbox 477 4597 513 4633; x_wconf 87' lang='lat' dir='ltr'><strong>ex</strong></span> <span class='ocrx_word' id='word_1_305' title='bbox 526 4577 640 4647; x_wconf 90' lang='lat' dir='ltr'><strong>habitu,</strong></span> <span class='ocrx_word' id='word_1_306' title='bbox 652 4588 681 4633; x_wconf 90' lang='lat' dir='ltr'><strong>et</strong></span> <span class='ocrx_word' id='word_1_307' title='bbox 693 4573 870 4650; x_wconf 85' lang='lat' dir='ltr'><strong>lugubribus</strong></span> <span class='ocrx_word' id='word_1_308' title='bbox 884 4595 948 4634; x_wconf 90' lang='lat' dir='ltr'><strong>ves·</strong></span> 
     </span>
     <span class='ocr_line' id='line_1_45' title="bbox 163 4669 946 4749; baseline 0.003 -20"><span class='ocrx_word' id='word_1_309' title='bbox 163 4672 243 4731; x_wconf 88' lang='lat' dir='ltr'><strong>tibus</strong></span> <span class='ocrx_word' id='word_1_310' title='bbox 251 4686 279 4730; x_wconf 92' lang='lat' dir='ltr'><strong>et</strong></span> <span class='ocrx_word' id='word_1_311' title='bbox 294 4672 446 4731; x_wconf 83' lang='lat' dir='ltr'><strong>fallacibus</strong></span> <span class='ocrx_word' id='word_1_312' title='bbox 458 4673 595 4749; x_wconf 91' lang='lat' dir='ltr'><strong>lacrymis</strong></span> <span class='ocrx_word' id='word_1_313' title='bbox 607 4671 730 4741; x_wconf 90' lang='lat' dir='ltr'><strong>seducti,</strong></span> <span class='ocrx_word' id='word_1_314' title='bbox 747 4669 946 4732; x_wconf 89' lang='lat' dir='ltr'><strong>crediderunt.</strong></span> 
     </span>
    </p>

    <p class='ocr_par' dir='ltr' id='par_1_10' title="bbox 120 4765 949 5216">
     <span class='ocr_line' id='line_1_46' title="bbox 120 4765 949 4847; baseline -0.001 -21"><span class='ocrx_word' id='word_1_315' title='bbox 120 4778 147 4818; x_wconf 72' lang='grc' dir='ltr'>ιι</span> <span class='ocrx_word' id='word_1_316' title='bbox 163 4769 284 4827; x_wconf 86' lang='lat' dir='ltr'><strong>Postera</strong></span> <span class='ocrx_word' id='word_1_317' title='bbox 298 4770 357 4842; x_wconf 89' lang='lat' dir='ltr'><strong>die,</strong></span> <span class='ocrx_word' id='word_1_318' title='bbox 370 4770 481 4847; x_wconf 90' lang='lat' dir='ltr'><strong>placuit</strong></span> <span class='ocrx_word' id='word_1_319' title='bbox 492 4769 637 4826; x_wconf 86' lang='lat' dir='ltr'><strong>universis</strong></span> <span class='ocrx_word' id='word_1_320' title='bbox 648 4769 750 4846; x_wconf 88' lang='lat' dir='ltr'><strong>patriae</strong></span> <span class='ocrx_word' id='word_1_321' title='bbox 764 4765 949 4845; x_wconf 89' lang='lat' dir='ltr'><strong>principibus</strong></span> 
     </span>
     <span class='ocr_line' id='line_1_47' title="bbox 164 4862 949 4942; baseline -0.004 -19"><span class='ocrx_word' id='word_1_322' title='bbox 164 4863 203 4923; x_wconf 92' lang='lat' dir='ltr'><strong>ob</strong></span> <span class='ocrx_word' id='word_1_323' title='bbox 225 4867 331 4924; x_wconf 88' lang='lat' dir='ltr'><strong>merita</strong></span> <span class='ocrx_word' id='word_1_324' title='bbox 352 4878 380 4924; x_wconf 89' lang='lat' dir='ltr'><strong>et</strong></span> <span class='ocrx_word' id='word_1_325' title='bbox 403 4865 546 4923; x_wconf 91' lang='lat' dir='ltr'><strong>beneficia</strong></span> <span class='ocrx_word' id='word_1_326' title='bbox 568 4864 733 4942; x_wconf 78' lang='lat' dir='ltr'><strong>Apollonii,</strong></span> <span class='ocrx_word' id='word_1_327' title='bbox 754 4863 822 4921; x_wconf 84' lang='lat' dir='ltr'><strong>liliae</strong></span> <span class='ocrx_word' id='word_1_328' title='bbox 840 4862 904 4939; x_wconf 86' lang='lat' dir='ltr'><strong>ejus</strong></span> <span class='ocrx_word' id='word_1_329' title='bbox 918 4864 949 4920; x_wconf 91' lang='lat' dir='ltr'><strong>in</strong></span> 
     </span>
     <span class='ocr_line' id='line_1_48' title="bbox 164 4959 949 5037; baseline -0.004 -18"><span class='ocrx_word' id='word_1_330' title='bbox 164 4961 262 5020; x_wconf 89' lang='lat' dir='ltr'><strong>littore</strong></span> <span class='ocrx_word' id='word_1_331' title='bbox 275 4962 340 5022; x_wconf 88' lang='lat' dir='ltr'><strong>lieri</strong></span> <span class='ocrx_word' id='word_1_332' title='bbox 353 4962 495 5022; x_wconf 87' lang='lat' dir='ltr'><strong>tumulum</strong></span> <span class='ocrx_word' id='word_1_333' title='bbox 508 4981 545 5019; x_wconf 89' lang='lat' dir='ltr'><strong>ex</strong></span> <span class='ocrx_word' id='word_1_334' title='bbox 557 4980 614 5020; x_wconf 89' lang='lat' dir='ltr'><strong>aere</strong></span> <span class='ocrx_word' id='word_1_335' title='bbox 628 4961 744 5037; x_wconf 88' lang='lat' dir='ltr'><strong>collato,</strong></span> <span class='ocrx_word' id='word_1_336' title='bbox 760 4980 820 5017; x_wconf 90' lang='lat' dir='ltr'><strong>non</strong></span> <span class='ocrx_word' id='word_1_337' title='bbox 832 4959 919 5035; x_wconf 86' lang='lat' dir='ltr'><strong>longe</strong></span> <span class='ocrx_word' id='word_1_338' title='bbox 932 4979 949 5017; x_wconf 94' lang='lat' dir='ltr'><strong>a</strong></span> 
     </span>
     <span class='ocr_line' id='line_1_49' title="bbox 165 5056 947 5138; baseline -0.004 -22"><span class='ocrx_word' id='word_1_339' title='bbox 165 5072 354 5118; x_wconf 91' lang='lat' dir='ltr'><strong>monumento</strong></span> <span class='ocrx_word' id='word_1_340' title='bbox 376 5059 531 5138; x_wconf 76' lang='lat' dir='ltr'><strong>Lyconidis</strong></span> <span class='ocrx_word' id='word_1_341' title='bbox 551 5060 676 5117; x_wconf 80' lang='lat' dir='ltr'><strong>nutricis</strong></span> <span class='ocrx_word' id='word_1_342' title='bbox 700 5056 775 5134; x_wconf 89' lang='lat' dir='ltr'><strong>ejus.</strong></span> <span class='ocrx_word' id='word_1_343' title='bbox 799 5057 947 5134; x_wconf 89' lang='lat' dir='ltr'><strong>Scriptum</strong></span> 
     </span>
     <span class='ocr_line' id='line_1_50' title="bbox 165 5157 949 5216; baseline -0.008 0"><span class='ocrx_word' id='word_1_344' title='bbox 165 5168 207 5216; x_wconf 86' lang='lat' dir='ltr'><strong>est</strong></span> <span class='ocrx_word' id='word_1_345' title='bbox 223 5157 252 5214; x_wconf 93' lang='lat' dir='ltr'><strong>in</strong></span> <span class='ocrx_word' id='word_1_346' title='bbox 268 5157 355 5215; x_wconf 92' lang='lat' dir='ltr'><strong>titulo</strong></span> <span class='ocrx_word' id='word_1_347' title='bbox 371 5160 414 5216; x_wconf 89' lang='lat' dir='ltr'><strong>sic</strong></span> <span class='ocrx_word' id='word_1_348' title='bbox 433 5175 704 5216; x_wconf 56' lang='lat' dir='ltr'><strong>:massaritiarum</strong></span> <span class='ocrx_word' id='word_1_349' title='bbox 720 5171 881 5212; x_wconf 77' lang='lat' dir='ltr'><strong>aromontr.</strong></span> <span class='ocrx_word' id='word_1_350' title='bbox 905 5173 949 5210; x_wconf 88' lang='lat' dir='ltr'><strong>rr·</strong></span> 
     </span>
    </p>
   </div>
   <div class='ocr_carea' id='block_1_6' title="bbox 761 314 1195 398">
    <p class='ocr_par' dir='ltr' id='par_1_11' title="bbox 761 314 1195 398">
     <span class='ocr_line' id='line_1_51' title="bbox 761 314 1195 398; baseline 0.012 -5"><span class='ocrx_word' id='word_1_351' title='bbox 761 334 813 394; x_wconf 84' lang='lat' dir='ltr'><strong>nn</strong></span> <span class='ocrx_word' id='word_1_352' title='bbox 833 334 1054 397; x_wconf 77' lang='lat' dir='ltr'><strong>arnimaro</strong></span> <span class='ocrx_word' id='word_1_353' title='bbox 1075 314 1195 398; x_wconf 84' lang='lat' dir='ltr'><strong>rrtuo</strong></span> 
     </span>
    </p>
   </div>
   <div class='ocr_carea' id='block_1_7' title="bbox 1000 479 1789 616">
    <p class='ocr_par' dir='ltr' id='par_1_12' title="bbox 1000 479 1789 616">
     <span class='ocr_line' id='line_1_52' title="bbox 1001 479 1789 527; baseline 0.014 -12"><span class='ocrx_word' id='word_1_354' title='bbox 1001 480 1060 519; x_wconf 74' lang='lat' dir='ltr'><strong>tuas.</strong></span> <span class='ocrx_word' id='word_1_355' title='bbox 1096 480 1161 518; x_wconf 70' lang='lat' dir='ltr'><strong>PRO.</strong></span> <span class='ocrx_word' id='word_1_356' title='bbox 1187 479 1347 517; x_wconf 68' lang='lat' dir='ltr'><strong>amrelmo.</strong></span> <span class='ocrx_word' id='word_1_357' title='bbox 1374 481 1482 520; x_wconf 73' lang='lat' dir='ltr'><strong>ratals.</strong></span> <span class='ocrx_word' id='word_1_358' title='bbox 1508 481 1585 521; x_wconf 72' lang='lat' dir='ltr'><strong>atvs.</strong></span> <span class='ocrx_word' id='word_1_359' title='bbox 1628 484 1679 522; x_wconf 71' lang='lat' dir='ltr'><strong>Ex.</strong></span> <span class='ocrx_word' id='word_1_360' title='bbox 1724 486 1789 527; x_wconf 73' lang='lat' dir='ltr'><strong>m.</strong></span> 
     </span>
     <span class='ocr_line' id='line_1_53' title="bbox 1000 577 1444 616; baseline 0.005 -2"><span class='ocrx_word' id='word_1_361' title='bbox 1000 577 1134 615; x_wconf 67' lang='lat' dir='ltr'><strong>connato.</strong></span> <span class='ocrx_word' id='word_1_362' title='bbox 1154 577 1267 616; x_wconf 74' lang='lat' dir='ltr'><strong>DOMVM·</strong></span> <span class='ocrx_word' id='word_1_363' title='bbox 1283 579 1444 616; x_wconf 71' lang='lat' dir='ltr'><strong>DEDERVMT.</strong></span> 
     </span>
    </p>
   </div>
   <div class='ocr_carea' id='block_1_8' title="bbox 1275 690 1502 759">
    <p class='ocr_par' dir='ltr' id='par_1_13' title="bbox 1275 690 1502 759">
     <span class='ocr_line' id='line_1_54' title="bbox 1275 690 1502 759; baseline -0.004 -1"><span class='ocrx_word' id='word_1_364' title='bbox 1275 690 1370 758; x_wconf 70' lang='lat' dir='ltr'><strong>Cat).</strong></span> <span class='ocrx_word' id='word_1_365' title='bbox 1394 693 1502 759; x_wconf 90' lang='lat' dir='ltr'><strong>XXX.</strong></span> 
     </span>
    </p>
   </div>
   <div class='ocr_carea' id='block_1_9' title="bbox 993 825 1816 3885">
    <p class='ocr_par' dir='ltr' id='par_1_14' title="bbox 993 825 1816 3885">
     <span class='ocr_line' id='line_1_55' title="bbox 1039 825 1791 910; baseline 0.013 -26"><span class='ocrx_word' id='word_1_366' title='bbox 1039 825 1152 886; x_wconf 89' lang='lat' dir='ltr'><strong>lnterea</strong></span> <span class='ocrx_word' id='word_1_367' title='bbox 1166 828 1284 907; x_wconf 80' lang='lat' dir='ltr'><strong>piratae,</strong></span> <span class='ocrx_word' id='word_1_368' title='bbox 1307 849 1372 906; x_wconf 85' lang='lat' dir='ltr'><strong>quae</strong></span> <span class='ocrx_word' id='word_1_369' title='bbox 1392 828 1417 887; x_wconf 88' lang='lat' dir='ltr'>T</span> <span class='ocrx_word' id='word_1_370' title='bbox 1419 830 1524 888; x_wconf 88' lang='lat' dir='ltr'><strong>arsiam</strong></span> <span class='ocrx_word' id='word_1_371' title='bbox 1538 846 1725 910; x_wconf 87' lang='lat' dir='ltr'><strong>rapuerunt,</strong></span> <span class='ocrx_word' id='word_1_372' title='bbox 1739 834 1791 894; x_wconf 87' lang='lat' dir='ltr'><strong>de·</strong></span> 
     </span>
     <span class='ocr_line' id='line_1_56' title="bbox 999 925 1790 1009; baseline 0.014 -28"><span class='ocrx_word' id='word_1_373' title='bbox 999 939 1143 984; x_wconf 89' lang='lat' dir='ltr'><strong>venerunt</strong></span> <span class='ocrx_word' id='word_1_374' title='bbox 1173 927 1204 984; x_wconf 94' lang='lat' dir='ltr'><strong>in</strong></span> <span class='ocrx_word' id='word_1_375' title='bbox 1232 927 1380 985; x_wconf 89' lang='lat' dir='ltr'><strong>civitatem</strong></span> <span class='ocrx_word' id='word_1_376' title='bbox 1413 925 1587 1005; x_wconf 83' lang='lat' dir='ltr'><strong>Mitylenen.</strong></span> <span class='ocrx_word' id='word_1_377' title='bbox 1626 930 1790 1009; x_wconf 88' lang='lat' dir='ltr'><strong>Deponitur</strong></span> 
     </span>
     <span class='ocr_line' id='line_1_57' title="bbox 998 1019 1810 1105; baseline 0.007 -28"><span class='ocrx_word' id='word_1_378' title='bbox 998 1019 1102 1079; x_wconf 87' lang='lat' dir='ltr'><strong>Tarsia</strong></span> <span class='ocrx_word' id='word_1_379' title='bbox 1120 1021 1248 1090; x_wconf 88' lang='lat' dir='ltr'><strong>venalis,</strong></span> <span class='ocrx_word' id='word_1_380' title='bbox 1263 1034 1291 1080; x_wconf 91' lang='lat' dir='ltr'><strong>et</strong></span> <span class='ocrx_word' id='word_1_381' title='bbox 1304 1023 1381 1080; x_wconf 89' lang='lat' dir='ltr'><strong>inter</strong></span> <span class='ocrx_word' id='word_1_382' title='bbox 1394 1035 1497 1080; x_wconf 88' lang='lat' dir='ltr'><strong>caetera</strong></span> <span class='ocrx_word' id='word_1_383' title='bbox 1514 1025 1669 1103; x_wconf 89' lang='lat' dir='ltr'><strong>mancipia</strong></span> <span class='ocrx_word' id='word_1_384' title='bbox 1684 1046 1810 1105; x_wconf 82' lang='lat' dir='ltr'><strong>propo-s</strong></span> 
     </span>
     <span class='ocr_line' id='line_1_58' title="bbox 998 1115 1790 1199; baseline 0.011 -26"><span class='ocrx_word' id='word_1_385' title='bbox 998 1115 1089 1175; x_wconf 89' lang='lat' dir='ltr'><strong>nitur.</strong></span> <span class='ocrx_word' id='word_1_386' title='bbox 1101 1115 1136 1173; x_wconf 88' lang='lat' dir='ltr'><strong>Et</strong></span> <span class='ocrx_word' id='word_1_387' title='bbox 1144 1115 1247 1175; x_wconf 90' lang='lat' dir='ltr'><strong>videns</strong></span> <span class='ocrx_word' id='word_1_388' title='bbox 1256 1136 1319 1174; x_wconf 90' lang='lat' dir='ltr'><strong>eam</strong></span> <span class='ocrx_word' id='word_1_389' title='bbox 1335 1119 1417 1194; x_wconf 89' lang='lat' dir='ltr'><strong>leno,</strong></span> <span class='ocrx_word' id='word_1_390' title='bbox 1431 1117 1582 1178; x_wconf 76' lang='lat' dir='ltr'><strong>lenonius</strong></span> <span class='ocrx_word' id='word_1_391' title='bbox 1598 1122 1735 1199; x_wconf 86' lang='lat' dir='ltr'><strong>nomine,</strong></span> <span class='ocrx_word' id='word_1_392' title='bbox 1745 1144 1790 1182; x_wconf 88' lang='lat' dir='ltr'><strong>eu·</strong></span> 
     </span>
     <span class='ocr_line' id='line_1_59' title="bbox 997 1210 1789 1289; baseline 0.01 -20"><span class='ocrx_word' id='word_1_393' title='bbox 997 1210 1184 1289; x_wconf 88' lang='lat' dir='ltr'><strong>pidissimus,</strong></span> <span class='ocrx_word' id='word_1_394' title='bbox 1200 1232 1254 1270; x_wconf 87' lang='lat' dir='ltr'><strong>nec</strong></span> <span class='ocrx_word' id='word_1_395' title='bbox 1267 1215 1316 1271; x_wconf 88' lang='lat' dir='ltr'><strong>vir</strong></span> <span class='ocrx_word' id='word_1_396' title='bbox 1329 1232 1383 1271; x_wconf 91' lang='lat' dir='ltr'><strong>nec</strong></span> <span class='ocrx_word' id='word_1_397' title='bbox 1396 1214 1519 1287; x_wconf 83' lang='lat' dir='ltr'><strong>semina,</strong></span> <span class='ocrx_word' id='word_1_398' title='bbox 1537 1220 1724 1276; x_wconf 89' lang='lat' dir='ltr'><strong>contendere</strong></span> <span class='ocrx_word' id='word_1_399' title='bbox 1737 1239 1789 1276; x_wconf 76' lang='lat' dir='ltr'><strong>on·</strong></span> 
     </span>
     <span class='ocr_line' id='line_1_60' title="bbox 997 1309 1790 1394; baseline 0.008 -27"><span class='ocrx_word' id='word_1_400' title='bbox 997 1309 1056 1388; x_wconf 91' lang='lat' dir='ltr'><strong>pit,</strong></span> <span class='ocrx_word' id='word_1_401' title='bbox 1074 1322 1107 1368; x_wconf 87' lang='lat' dir='ltr'><strong>ut</strong></span> <span class='ocrx_word' id='word_1_402' title='bbox 1127 1329 1189 1368; x_wconf 88' lang='lat' dir='ltr'><strong>eam</strong></span> <span class='ocrx_word' id='word_1_403' title='bbox 1209 1323 1327 1369; x_wconf 86' lang='lat' dir='ltr'><strong>emeret.</strong></span> <span class='ocrx_word' id='word_1_404' title='bbox 1344 1309 1400 1368; x_wconf 90' lang='lat' dir='ltr'><strong>Sed</strong></span> <span class='ocrx_word' id='word_1_405' title='bbox 1416 1311 1639 1388; x_wconf 80' lang='lat' dir='ltr'><strong>Antinagoras,</strong></span> <span class='ocrx_word' id='word_1_406' title='bbox 1657 1315 1790 1394; x_wconf 86' lang='lat' dir='ltr'><strong>princeps</strong></span> 
     </span>
     <span class='ocr_line' id='line_1_61' title="bbox 997 1404 1790 1489; baseline 0.01 -28"><span class='ocrx_word' id='word_1_407' title='bbox 997 1404 1125 1465; x_wconf 88' lang='lat' dir='ltr'><strong>civitatis</strong></span> <span class='ocrx_word' id='word_1_408' title='bbox 1137 1405 1286 1482; x_wconf 89' lang='lat' dir='ltr'><strong>ejusdem,</strong></span> <span class='ocrx_word' id='word_1_409' title='bbox 1303 1406 1471 1483; x_wconf 88' lang='lat' dir='ltr'><strong>intelligens</strong></span> <span class='ocrx_word' id='word_1_410' title='bbox 1487 1406 1624 1466; x_wconf 90' lang='lat' dir='ltr'><strong>nobilem</strong></span> <span class='ocrx_word' id='word_1_411' title='bbox 1640 1421 1670 1467; x_wconf 89' lang='lat' dir='ltr'><strong>et</strong></span> <span class='ocrx_word' id='word_1_412' title='bbox 1682 1412 1790 1489; x_wconf 87' lang='lat' dir='ltr'><strong>specio·</strong></span> 
     </span>
     <span class='ocr_line' id='line_1_62' title="bbox 996 1501 1816 1580; baseline 0.005 -22"><span class='ocrx_word' id='word_1_413' title='bbox 996 1519 1058 1558; x_wconf 91' lang='lat' dir='ltr'><strong>sam</strong></span> <span class='ocrx_word' id='word_1_414' title='bbox 1074 1502 1216 1580; x_wconf 88' lang='lat' dir='ltr'><strong>puellam,</strong></span> <span class='ocrx_word' id='word_1_415' title='bbox 1238 1501 1346 1560; x_wconf 91' lang='lat' dir='ltr'><strong>obtulit</strong></span> <span class='ocrx_word' id='word_1_416' title='bbox 1363 1522 1418 1580; x_wconf 91' lang='lat' dir='ltr'><strong>pro</strong></span> <span class='ocrx_word' id='word_1_417' title='bbox 1432 1522 1466 1560; x_wconf 91' lang='lat' dir='ltr'><strong>ea</strong></span> <span class='ocrx_word' id='word_1_418' title='bbox 1487 1501 1512 1559; x_wconf 92' lang='lat' dir='ltr'><strong>X</strong></span> <span class='ocrx_word' id='word_1_419' title='bbox 1536 1504 1681 1563; x_wconf 85' lang='lat' dir='ltr'><strong>sestertia</strong></span> <span class='ocrx_word' id='word_1_420' title='bbox 1696 1522 1816 1565; x_wconf 66' lang='lat' dir='ltr'><strong>auream</strong></span> 
     </span>
     <span class='ocr_line' id='line_1_63' title="bbox 997 1595 1788 1675; baseline 0.005 -21"><span class='ocrx_word' id='word_1_421' title='bbox 997 1595 1075 1654; x_wconf 76' lang='lat' dir='ltr'><strong>leno</strong></span> <span class='ocrx_word' id='word_1_422' title='bbox 1098 1597 1139 1654; x_wconf 92' lang='lat' dir='ltr'><strong>ait</strong></span> <span class='ocrx_word' id='word_1_423' title='bbox 1162 1618 1169 1654; x_wconf 90' lang='lat'>:</span> <span class='ocrx_word' id='word_1_424' title='bbox 1193 1595 1255 1672; x_wconf 83' lang='lat' dir='ltr'><strong>Ego</strong></span> <span class='ocrx_word' id='word_1_425' title='bbox 1277 1595 1353 1655; x_wconf 88' lang='lat' dir='ltr'><strong>dabo</strong></span> <span class='ocrx_word' id='word_1_426' title='bbox 1373 1596 1436 1657; x_wconf 88' lang='lat' dir='ltr'><strong>XX.</strong></span> <span class='ocrx_word' id='word_1_427' title='bbox 1462 1599 1668 1675; x_wconf 75' lang='lat' dir='ltr'><strong>Antinagoras</strong></span> <span class='ocrx_word' id='word_1_428' title='bbox 1688 1600 1788 1661; x_wconf 84' lang='lat' dir='ltr'><strong>obtulit</strong></span> 
     </span>
     <span class='ocr_line' id='line_1_64' title="bbox 996 1692 1786 1771; baseline 0.006 -19"><span class='ocrx_word' id='word_1_429' title='bbox 996 1692 1090 1766; x_wconf 91' lang='lat' dir='ltr'><strong>XXX;</strong></span> <span class='ocrx_word' id='word_1_430' title='bbox 1106 1693 1173 1752; x_wconf 92' lang='lat' dir='ltr'><strong>leno</strong></span> <span class='ocrx_word' id='word_1_431' title='bbox 1190 1693 1257 1767; x_wconf 89' lang='lat' dir='ltr'><strong>XL;</strong></span> <span class='ocrx_word' id='word_1_432' title='bbox 1271 1695 1464 1771; x_wconf 74' lang='lat' dir='ltr'><strong>Antinagoras</strong></span> <span class='ocrx_word' id='word_1_433' title='bbox 1481 1694 1520 1767; x_wconf 78' lang='lat' dir='ltr'><strong>l.;</strong></span> <span class='ocrx_word' id='word_1_434' title='bbox 1538 1696 1611 1755; x_wconf 91' lang='lat' dir='ltr'><strong>leno</strong></span> <span class='ocrx_word' id='word_1_435' title='bbox 1627 1696 1695 1769; x_wconf 85' lang='lat' dir='ltr'><strong>Lx,</strong></span> <span class='ocrx_word' id='word_1_436' title='bbox 1709 1699 1786 1757; x_wconf 74' lang='lat' dir='ltr'><strong>Anti·</strong></span> 
     </span>
     <span class='ocr_line' id='line_1_65' title="bbox 996 1790 1787 1871; baseline 0.006 -22"><span class='ocrx_word' id='word_1_437' title='bbox 996 1811 1120 1868; x_wconf 88' lang='lat' dir='ltr'><strong>nagoras</strong></span> <span class='ocrx_word' id='word_1_438' title='bbox 1134 1790 1241 1849; x_wconf 92' lang='lat' dir='ltr'><strong>obtulit</strong></span> <span class='ocrx_word' id='word_1_439' title='bbox 1261 1790 1353 1863; x_wconf 73' lang='lat' dir='ltr'><strong>LXX,</strong></span> <span class='ocrx_word' id='word_1_440' title='bbox 1370 1791 1437 1850; x_wconf 90' lang='lat' dir='ltr'><strong>leno</strong></span> <span class='ocrx_word' id='word_1_441' title='bbox 1458 1791 1577 1864; x_wconf 78' lang='lat' dir='ltr'><strong>LXXX3</strong></span> <span class='ocrx_word' id='word_1_442' title='bbox 1594 1795 1787 1871; x_wconf 83' lang='lat' dir='ltr'><strong>Antinagoras</strong></span> 
     </span>
     <span class='ocr_line' id='line_1_66' title="bbox 996 1887 1786 1969; baseline 0.006 -23"><span class='ocrx_word' id='word_1_443' title='bbox 996 1887 1104 1947; x_wconf 91' lang='lat' dir='ltr'><strong>obtulit</strong></span> <span class='ocrx_word' id='word_1_444' title='bbox 1118 1888 1342 1967; x_wconf 70' lang='lat' dir='ltr'><strong>Lxxxx310n0</strong></span> <span class='ocrx_word' id='word_1_445' title='bbox 1360 1888 1409 1946; x_wconf 92' lang='lat' dir='ltr'><strong>dat</strong></span> <span class='ocrx_word' id='word_1_446' title='bbox 1423 1889 1463 1960; x_wconf 89' lang='lat' dir='ltr'><strong>C,</strong></span> <span class='ocrx_word' id='word_1_447' title='bbox 1479 1889 1582 1948; x_wconf 90' lang='lat' dir='ltr'><strong>dicens</strong></span> <span class='ocrx_word' id='word_1_448' title='bbox 1598 1912 1606 1947; x_wconf 76' lang='grc' dir='ltr'><strong>ε</strong></span> <span class='ocrx_word' id='word_1_449' title='bbox 1622 1891 1649 1950; x_wconf 89' lang='lat' dir='ltr'><strong>si</strong></span> <span class='ocrx_word' id='word_1_450' title='bbox 1664 1893 1731 1969; x_wconf 86' lang='lat' dir='ltr'><strong>quis</strong></span> <span class='ocrx_word' id='word_1_451' title='bbox 1742 1911 1786 1951; x_wconf 86' lang='lat' dir='ltr'><strong>su·</strong></span> 
     </span>
     <span class='ocr_line' id='line_1_67' title="bbox 996 1983 1811 2063; baseline 0.005 -20"><span class='ocrx_word' id='word_1_452' title='bbox 996 1984 1179 2063; x_wconf 91' lang='lat' dir='ltr'><strong>perdederit,</strong></span> <span class='ocrx_word' id='word_1_453' title='bbox 1194 1984 1287 2061; x_wconf 90' lang='lat' dir='ltr'><strong>egoX</strong></span> <span class='ocrx_word' id='word_1_454' title='bbox 1302 1983 1477 2063; x_wconf 88' lang='lat' dir='ltr'><strong>superdabo.</strong></span> <span class='ocrx_word' id='word_1_455' title='bbox 1492 1983 1579 2043; x_wconf 87' lang='lat' dir='ltr'><strong>&#39;l&#39;unc</strong></span> <span class='ocrx_word' id='word_1_456' title='bbox 1591 1986 1811 2063; x_wconf 78' lang='lat' dir='ltr'><strong>Antinagorass</strong></span> 
     </span>
     <span class='ocr_line' id='line_1_68' title="bbox 996 2079 1782 2156; baseline 0.006 -20"><span class='ocrx_word' id='word_1_457' title='bbox 996 2082 1037 2137; x_wconf 90' lang='lat' dir='ltr'><strong>ait</strong></span> <span class='ocrx_word' id='word_1_458' title='bbox 1049 2101 1055 2137; x_wconf 94' lang='lat'><strong>:</strong></span> <span class='ocrx_word' id='word_1_459' title='bbox 1068 2080 1139 2156; x_wconf 82' lang='lat' dir='ltr'><strong>Ego,</strong></span> <span class='ocrx_word' id='word_1_460' title='bbox 1154 2083 1254 2139; x_wconf 90' lang='lat' dir='ltr'><strong>sicum</strong></span> <span class='ocrx_word' id='word_1_461' title='bbox 1264 2080 1322 2139; x_wconf 88' lang='lat' dir='ltr'><strong>isto</strong></span> <span class='ocrx_word' id='word_1_462' title='bbox 1333 2081 1439 2139; x_wconf 89' lang='lat' dir='ltr'><strong>lenone</strong></span> <span class='ocrx_word' id='word_1_463' title='bbox 1450 2079 1646 2156; x_wconf 88' lang='lat' dir='ltr'><strong>contendero,</strong></span> <span class='ocrx_word' id='word_1_464' title='bbox 1661 2095 1692 2140; x_wconf 92' lang='lat' dir='ltr'><strong>ut</strong></span> <span class='ocrx_word' id='word_1_465' title='bbox 1704 2101 1782 2141; x_wconf 84' lang='lat' dir='ltr'><strong>unam</strong></span> 
     </span>
     <span class='ocr_line' id='line_1_69' title="bbox 995 2176 1781 2256; baseline 0.01 -26"><span class='ocrx_word' id='word_1_466' title='bbox 995 2192 1106 2247; x_wconf 89' lang='lat' dir='ltr'><strong>emam,</strong></span> <span class='ocrx_word' id='word_1_467' title='bbox 1131 2176 1232 2255; x_wconf 90' lang='lat' dir='ltr'><strong>plures</strong></span> <span class='ocrx_word' id='word_1_468' title='bbox 1254 2177 1428 2236; x_wconf 85' lang='lat' dir='ltr'><strong>venditurus</strong></span> <span class='ocrx_word' id='word_1_469' title='bbox 1447 2197 1523 2237; x_wconf 88' lang='lat' dir='ltr'><strong>sum.</strong></span> <span class='ocrx_word' id='word_1_470' title='bbox 1547 2176 1608 2235; x_wconf 87' lang='lat' dir='ltr'><strong>Sed</strong></span> <span class='ocrx_word' id='word_1_471' title='bbox 1623 2180 1781 2256; x_wconf 82' lang='lat' dir='ltr'><strong>permittam</strong></span> 
     </span>
     <span class='ocr_line' id='line_1_70' title="bbox 995 2273 1778 2351; baseline 0.009 -25"><span class='ocrx_word' id='word_1_472' title='bbox 995 2288 1061 2327; x_wconf 94' lang='lat' dir='ltr'><strong>eum</strong></span> <span class='ocrx_word' id='word_1_473' title='bbox 1084 2291 1196 2346; x_wconf 90' lang='lat' dir='ltr'><strong>emere;</strong></span> <span class='ocrx_word' id='word_1_474' title='bbox 1212 2287 1241 2332; x_wconf 89' lang='lat' dir='ltr'><strong>et</strong></span> <span class='ocrx_word' id='word_1_475' title='bbox 1259 2294 1324 2333; x_wconf 91' lang='lat' dir='ltr'><strong>cum</strong></span> <span class='ocrx_word' id='word_1_476' title='bbox 1341 2293 1404 2332; x_wconf 91' lang='lat' dir='ltr'><strong>eam</strong></span> <span class='ocrx_word' id='word_1_477' title='bbox 1426 2273 1457 2331; x_wconf 91' lang='lat' dir='ltr'><strong>in</strong></span> <span class='ocrx_word' id='word_1_478' title='bbox 1477 2273 1617 2351; x_wconf 86' lang='lat' dir='ltr'><strong>lupanari</strong></span> <span class='ocrx_word' id='word_1_479' title='bbox 1639 2276 1778 2345; x_wconf 86' lang='lat' dir='ltr'><strong>statuerit,</strong></span> 
     </span>
     <span class='ocr_line' id='line_1_71' title="bbox 996 2365 1778 2448; baseline 0.009 -26"><span class='ocrx_word' id='word_1_480' title='bbox 996 2365 1112 2424; x_wconf 88' lang='lat' dir='ltr'><strong>intrabo</strong></span> <span class='ocrx_word' id='word_1_481' title='bbox 1127 2369 1223 2446; x_wconf 90' lang='lat' dir='ltr'><strong>prior,</strong></span> <span class='ocrx_word' id='word_1_482' title='bbox 1236 2382 1265 2426; x_wconf 89' lang='lat' dir='ltr'><strong>et</strong></span> <span class='ocrx_word' id='word_1_483' title='bbox 1278 2389 1333 2445; x_wconf 87' lang='lat' dir='ltr'><strong>ego</strong></span> <span class='ocrx_word' id='word_1_484' title='bbox 1347 2369 1474 2446; x_wconf 91' lang='lat' dir='ltr'><strong>eripiam</strong></span> <span class='ocrx_word' id='word_1_485' title='bbox 1490 2368 1695 2443; x_wconf 88' lang='lat' dir='ltr'><strong>virginitatem</strong></span> <span class='ocrx_word' id='word_1_486' title='bbox 1706 2369 1778 2448; x_wconf 83' lang='lat' dir='ltr'><strong>ejus,</strong></span> 
     </span>
     <span class='ocr_line' id='line_1_72' title="bbox 996 2462 1807 2542; baseline 0.009 -25"><span class='ocrx_word' id='word_1_487' title='bbox 996 2473 1024 2518; x_wconf 89' lang='lat' dir='ltr'><strong>et</strong></span> <span class='ocrx_word' id='word_1_488' title='bbox 1037 2462 1095 2519; x_wconf 90' lang='lat' dir='ltr'><strong>erit</strong></span> <span class='ocrx_word' id='word_1_489' title='bbox 1106 2462 1179 2520; x_wconf 90' lang='lat' dir='ltr'><strong>mihi</strong></span> <span class='ocrx_word' id='word_1_490' title='bbox 1194 2463 1317 2541; x_wconf 88' lang='lat' dir='ltr'><strong>perinde</strong></span> <span class='ocrx_word' id='word_1_491' title='bbox 1329 2464 1399 2524; x_wconf 90' lang='lat' dir='ltr'><strong>acsi</strong></span> <span class='ocrx_word' id='word_1_492' title='bbox 1412 2484 1475 2522; x_wconf 89' lang='lat' dir='ltr'><strong>eam</strong></span> <span class='ocrx_word' id='word_1_493' title='bbox 1485 2483 1715 2542; x_wconf 88' lang='lat' dir='ltr'><strong>comparassem.</strong></span> <span class='ocrx_word' id='word_1_494' title='bbox 1727 2465 1777 2524; x_wconf 78' lang='lat' dir='ltr'><strong>Ad·</strong></span> <span class='ocrx_word' id='word_1_495' title='bbox 1788 2485 1807 2523; x_wconf 84' lang='grc' dir='ltr'><strong>ιι</strong></span> 
     </span>
     <span class='ocr_line' id='line_1_73' title="bbox 996 2556 1776 2641; baseline 0.01 -28"><span class='ocrx_word' id='word_1_496' title='bbox 996 2556 1113 2617; x_wconf 91' lang='lat' dir='ltr'><strong>ducitur</strong></span> <span class='ocrx_word' id='word_1_497' title='bbox 1125 2560 1223 2638; x_wconf 88' lang='lat' dir='ltr'><strong>puella</strong></span> <span class='ocrx_word' id='word_1_498' title='bbox 1236 2561 1353 2634; x_wconf 76' lang='lat' dir='ltr'><strong>lenoni,</strong></span> <span class='ocrx_word' id='word_1_499' title='bbox 1373 2573 1543 2619; x_wconf 90' lang='lat' dir='ltr'><strong>numeratur</strong></span> <span class='ocrx_word' id='word_1_500' title='bbox 1555 2563 1701 2639; x_wconf 74' lang='lat' dir='ltr'><strong>pecunia,</strong></span> <span class='ocrx_word' id='word_1_501' title='bbox 1718 2581 1776 2641; x_wconf 83' lang='lat' dir='ltr'><strong>per·</strong></span> 
     </span>
     <span class='ocr_line' id='line_1_74' title="bbox 997 2648 1774 2731; baseline 0.009 -24"><span class='ocrx_word' id='word_1_502' title='bbox 997 2648 1115 2709; x_wconf 91' lang='lat' dir='ltr'><strong>ducitur</strong></span> <span class='ocrx_word' id='word_1_503' title='bbox 1128 2654 1178 2710; x_wconf 74' lang='lat' dir='ltr'><strong>in*</strong></span> <span class='ocrx_word' id='word_1_504' title='bbox 1189 2653 1318 2727; x_wconf 91' lang='lat' dir='ltr'><strong>domum,</strong></span> <span class='ocrx_word' id='word_1_505' title='bbox 1335 2655 1424 2713; x_wconf 91' lang='lat' dir='ltr'><strong>intrat</strong></span> <span class='ocrx_word' id='word_1_506' title='bbox 1439 2656 1468 2713; x_wconf 91' lang='lat' dir='ltr'><strong>in</strong></span> <span class='ocrx_word' id='word_1_507' title='bbox 1484 2654 1774 2731; x_wconf 79' lang='lat' dir='ltr'><strong>salutatorium*,ubi</strong></span> 
     </span>
     <span class='ocr_line' id='line_1_75' title="bbox 997 2747 1770 2830; baseline 0.009 -26"><span class='ocrx_word' id='word_1_508' title='bbox 997 2747 1063 2806; x_wconf 91' lang='lat' dir='ltr'><strong>leno</strong></span> <span class='ocrx_word' id='word_1_509' title='bbox 1077 2751 1214 2829; x_wconf 88' lang='lat' dir='ltr'><strong>Priapum</strong></span> <span class='ocrx_word' id='word_1_510' title='bbox 1230 2771 1266 2811; x_wconf 94' lang='lat' dir='ltr'><strong>ex</strong></span> <span class='ocrx_word' id='word_1_511' title='bbox 1279 2771 1351 2810; x_wconf 88' lang='lat' dir='ltr'><strong>auro</strong></span> <span class='ocrx_word' id='word_1_512' title='bbox 1364 2765 1391 2809; x_wconf 92' lang='lat' dir='ltr'><strong>et</strong></span> <span class='ocrx_word' id='word_1_513' title='bbox 1402 2752 1524 2828; x_wconf 84' lang='lat' dir='ltr'><strong>gemmis</strong></span> <span class='ocrx_word' id='word_1_514' title='bbox 1536 2751 1677 2830; x_wconf 88' lang='lat' dir='ltr'><strong>habebat,</strong></span> <span class='ocrx_word' id='word_1_515' title='bbox 1699 2766 1725 2812; x_wconf 91' lang='lat' dir='ltr'><strong>et</strong></span> <span class='ocrx_word' id='word_1_516' title='bbox 1736 2754 1770 2813; x_wconf 87' lang='lat' dir='ltr'><strong>ait</strong></span> 
     </span>
     <span class='ocr_line' id='line_1_76' title="bbox 996 2841 1775 2921; baseline 0.003 -21"><span class='ocrx_word' id='word_1_517' title='bbox 996 2841 1106 2902; x_wconf 87' lang='lat' dir='ltr'><strong>Tarsiae</strong></span> <span class='ocrx_word' id='word_1_518' title='bbox 1127 2867 1134 2901; x_wconf 79' lang='grc' dir='ltr'>ι</span> <span class='ocrx_word' id='word_1_519' title='bbox 1153 2845 1251 2905; x_wconf 74' lang='lat' dir='ltr'><strong>Adora</strong></span> <span class='ocrx_word' id='word_1_520' title='bbox 1263 2865 1371 2904; x_wconf 87' lang='lat' dir='ltr'><strong>numen</strong></span> <span class='ocrx_word' id='word_1_521' title='bbox 1392 2846 1672 2921; x_wconf 81' lang='lat' dir='ltr'><strong>praesentissimum.</strong></span> <span class='ocrx_word' id='word_1_522' title='bbox 1687 2845 1775 2905; x_wconf 82' lang='lat' dir='ltr'><strong>Puella</strong></span> 
     </span>
     <span class='ocr_line' id='line_1_77' title="bbox 993 2938 1802 3019; baseline 0.005 -24"><span class='ocrx_word' id='word_1_523' title='bbox 993 2939 1037 3015; x_wconf 69' lang='lat' dir='ltr'><strong>pit</strong></span> <span class='ocrx_word' id='word_1_524' title='bbox 1058 2961 1065 2996; x_wconf 85' lang='lat' dir='ltr'><strong>r</strong></span> <span class='ocrx_word' id='word_1_525' title='bbox 1092 2939 1247 3018; x_wconf 87' lang='lat' dir='ltr'><strong>Nunquam</strong></span> <span class='ocrx_word' id='word_1_526' title='bbox 1267 2941 1388 3000; x_wconf 89' lang='lat' dir='ltr'><strong>adoravi</strong></span> <span class='ocrx_word' id='word_1_527' title='bbox 1409 2940 1465 2999; x_wconf 91' lang='lat' dir='ltr'><strong>tale</strong></span> <span class='ocrx_word' id='word_1_528' title='bbox 1485 2960 1616 3019; x_wconf 79' lang='lat' dir='ltr'><strong>numeu3</strong></span> <span class='ocrx_word' id='word_1_529' title='bbox 1644 2938 1802 3019; x_wconf 70' lang='lat' dir='ltr'><strong>numquid!</strong></span> 
     </span>
     <span class='ocr_line' id='line_1_78' title="bbox 996 3034 1773 3114; baseline 0.003 -23"><span class='ocrx_word' id='word_1_530' title='bbox 996 3035 1071 3093; x_wconf 87' lang='lat' dir='ltr'><strong>civis</strong></span> <span class='ocrx_word' id='word_1_531' title='bbox 1079 3034 1292 3114; x_wconf 84' lang='lat' dir='ltr'><strong>Lampsacenus</strong></span> <span class='ocrx_word' id='word_1_532' title='bbox 1300 3056 1331 3095; x_wconf 92' lang='lat' dir='ltr'><strong>es</strong></span> <span class='ocrx_word' id='word_1_533' title='bbox 1341 3038 1391 3095; x_wconf 77' lang='lat' dir='ltr'><strong>tu?</strong></span> <span class='ocrx_word' id='word_1_534' title='bbox 1400 3035 1479 3094; x_wconf 87' lang='lat' dir='ltr'><strong>Leno</strong></span> <span class='ocrx_word' id='word_1_535' title='bbox 1489 3037 1529 3093; x_wconf 92' lang='lat' dir='ltr'><strong>ait</strong></span> <span class='ocrx_word' id='word_1_536' title='bbox 1543 3057 1549 3092; x_wconf 94' lang='lat'><strong>:</strong></span> <span class='ocrx_word' id='word_1_537' title='bbox 1563 3035 1773 3106; x_wconf 84' lang='lat' dir='ltr'><strong>QuarelPuella</strong></span> 
     </span>
     <span class='ocr_line' id='line_1_79' title="bbox 996 3129 1771 3211; baseline 0.006 -25"><span class='ocrx_word' id='word_1_538' title='bbox 996 3129 1067 3188; x_wconf 87' lang='lat' dir='ltr'><strong>ait:</strong></span> <span class='ocrx_word' id='word_1_539' title='bbox 1092 3131 1169 3201; x_wconf 85' lang='lat' dir='ltr'><strong>Quia</strong></span> <span class='ocrx_word' id='word_1_540' title='bbox 1192 3131 1381 3210; x_wconf 84' lang='lat' dir='ltr'><strong>Lampsaceni</strong></span> <span class='ocrx_word' id='word_1_541' title='bbox 1406 3132 1485 3190; x_wconf 89' lang='lat' dir='ltr'><strong>cives</strong></span> <span class='ocrx_word' id='word_1_542' title='bbox 1509 3131 1654 3211; x_wconf 86' lang='lat' dir='ltr'><strong>Priapum</strong></span> <span class='ocrx_word' id='word_1_543' title='bbox 1676 3134 1771 3191; x_wconf 84' lang='lat' dir='ltr'><strong>colunt.</strong></span> 
     </span>
     <span class='ocr_line' id='line_1_80' title="bbox 996 3223 1772 3303; baseline 0.004 -21"><span class='ocrx_word' id='word_1_544' title='bbox 996 3223 1075 3282; x_wconf 78' lang='lat' dir='ltr'><strong>leno</strong></span> <span class='ocrx_word' id='word_1_545' title='bbox 1092 3228 1133 3284; x_wconf 89' lang='lat' dir='ltr'><strong>ait</strong></span> <span class='ocrx_word' id='word_1_546' title='bbox 1148 3247 1155 3288; x_wconf 92' lang='lat'><strong>:</strong></span> <span class='ocrx_word' id='word_1_547' title='bbox 1168 3226 1310 3303; x_wconf 80' lang='lat' dir='ltr'><strong>lgnoras,</strong></span> <span class='ocrx_word' id='word_1_548' title='bbox 1326 3228 1448 3297; x_wconf 89' lang='lat' dir='ltr'><strong>misera,</strong></span> <span class='ocrx_word' id='word_1_549' title='bbox 1464 3227 1534 3303; x_wconf 90' lang='lat' dir='ltr'><strong>quia</strong></span> <span class='ocrx_word' id='word_1_550' title='bbox 1556 3227 1588 3284; x_wconf 93' lang='lat' dir='ltr'><strong>in</strong></span> <span class='ocrx_word' id='word_1_551' title='bbox 1603 3227 1720 3286; x_wconf 88' lang='lat' dir='ltr'><strong>domum</strong></span> <span class='ocrx_word' id='word_1_552' title='bbox 1733 3225 1772 3285; x_wconf 85' lang='lat' dir='ltr'><strong>in·</strong></span> 
     </span>
     <span class='ocr_line' id='line_1_81' title="bbox 996 3323 1768 3398; baseline 0.001 -18"><span class='ocrx_word' id='word_1_553' title='bbox 996 3323 1094 3381; x_wconf 89' lang='lat' dir='ltr'><strong>cidisti</strong></span> <span class='ocrx_word' id='word_1_554' title='bbox 1112 3325 1227 3383; x_wconf 86' lang='lat' dir='ltr'><strong>lenonis</strong></span> <span class='ocrx_word' id='word_1_555' title='bbox 1247 3338 1277 3383; x_wconf 92' lang='lat' dir='ltr'><strong>et</strong></span> <span class='ocrx_word' id='word_1_556' title='bbox 1290 3326 1388 3383; x_wconf 78' lang='lat' dir='ltr'><strong>avari?</strong></span> <span class='ocrx_word' id='word_1_557' title='bbox 1402 3324 1519 3398; x_wconf 88' lang='lat' dir='ltr'><strong>Puella,</strong></span> <span class='ocrx_word' id='word_1_558' title='bbox 1532 3336 1565 3382; x_wconf 91' lang='lat' dir='ltr'><strong>ut</strong></span> <span class='ocrx_word' id='word_1_559' title='bbox 1578 3324 1704 3395; x_wconf 81' lang='lat' dir='ltr'><strong>audivit,</strong></span> <span class='ocrx_word' id='word_1_560' title='bbox 1717 3336 1768 3382; x_wconf 85' lang='lat' dir='ltr'><strong>toto</strong></span> 
     </span>
     <span class='ocr_line' id='line_1_82' title="bbox 996 3421 1799 3500; baseline 0.001 -23"><span class='ocrx_word' id='word_1_561' title='bbox 996 3439 1118 3498; x_wconf 90' lang='lat' dir='ltr'><strong>corpore</strong></span> <span class='ocrx_word' id='word_1_562' title='bbox 1133 3422 1322 3493; x_wconf 82' lang='lat' dir='ltr'><strong>contremuit3</strong></span> <span class='ocrx_word' id='word_1_563' title='bbox 1346 3435 1375 3479; x_wconf 93' lang='lat' dir='ltr'><strong>et</strong></span> <span class='ocrx_word' id='word_1_564' title='bbox 1394 3434 1541 3499; x_wconf 87' lang='lat' dir='ltr'><strong>prostrata</strong></span> <span class='ocrx_word' id='word_1_565' title='bbox 1560 3422 1688 3500; x_wconf 84' lang='lat' dir='ltr'><strong>pedibus</strong></span> <span class='ocrx_word' id='word_1_566' title='bbox 1704 3421 1799 3499; x_wconf 65' lang='lat' dir='ltr'><strong>cium</strong></span> 
     </span>
     <span class='ocr_line' id='line_1_83' title="bbox 996 3517 1771 3596; baseline 0 -22"><span class='ocrx_word' id='word_1_567' title='bbox 996 3517 1071 3575; x_wconf 85' lang='lat' dir='ltr'><strong>dixit</strong></span> <span class='ocrx_word' id='word_1_568' title='bbox 1094 3541 1100 3575; x_wconf 93' lang='lat'><strong>:</strong></span> <span class='ocrx_word' id='word_1_569' title='bbox 1125 3517 1276 3588; x_wconf 86' lang='lat' dir='ltr'><strong>Miserere,</strong></span> <span class='ocrx_word' id='word_1_570' title='bbox 1305 3519 1441 3590; x_wconf 74' lang='lat' dir='ltr'><strong>domine,</strong></span> <span class='ocrx_word' id='word_1_571' title='bbox 1458 3537 1598 3576; x_wconf 77' lang='lat' dir='ltr'><strong>succurre</strong></span> <span class='ocrx_word' id='word_1_572' title='bbox 1622 3517 1771 3596; x_wconf 83' lang='lat' dir='ltr'><strong>virginitati</strong></span> 
     </span>
     <span class='ocr_line' id='line_1_84' title="bbox 996 3613 1771 3692; baseline 0 -22"><span class='ocrx_word' id='word_1_573' title='bbox 996 3632 1081 3690; x_wconf 77' lang='lat' dir='ltr'><strong>meae3</strong></span> <span class='ocrx_word' id='word_1_574' title='bbox 1095 3627 1125 3671; x_wconf 93' lang='lat' dir='ltr'><strong>et</strong></span> <span class='ocrx_word' id='word_1_575' title='bbox 1138 3634 1210 3691; x_wconf 86' lang='lat' dir='ltr'><strong>rogo</strong></span> <span class='ocrx_word' id='word_1_576' title='bbox 1222 3634 1258 3672; x_wconf 88' lang='lat' dir='ltr'><strong>ne</strong></span> <span class='ocrx_word' id='word_1_577' title='bbox 1270 3614 1344 3672; x_wconf 93' lang='lat' dir='ltr'><strong>velis</strong></span> <span class='ocrx_word' id='word_1_578' title='bbox 1356 3614 1412 3671; x_wconf 89' lang='lat' dir='ltr'><strong>hoc</strong></span> <span class='ocrx_word' id='word_1_579' title='bbox 1429 3633 1536 3692; x_wconf 89' lang='lat' dir='ltr'><strong>corpus</strong></span> <span class='ocrx_word' id='word_1_580' title='bbox 1551 3633 1649 3672; x_wconf 91' lang='lat' dir='ltr'><strong>meum</strong></span> <span class='ocrx_word' id='word_1_581' title='bbox 1662 3613 1714 3673; x_wconf 90' lang='lat' dir='ltr'><strong>sub</strong></span> <span class='ocrx_word' id='word_1_582' title='bbox 1724 3626 1771 3670; x_wconf 82' lang='lat' dir='ltr'><strong>tam</strong></span> 
     </span>
     <span class='ocr_line' id='line_1_85' title="bbox 996 3707 1769 3789; baseline -0.003 -22"><span class='ocrx_word' id='word_1_583' title='bbox 996 3711 1076 3787; x_wconf 88' lang='lat' dir='ltr'><strong>turpi</strong></span> <span class='ocrx_word' id='word_1_584' title='bbox 1094 3711 1180 3768; x_wconf 91' lang='lat' dir='ltr'><strong>titulo</strong></span> <span class='ocrx_word' id='word_1_585' title='bbox 1203 3711 1392 3789; x_wconf 86' lang='lat' dir='ltr'><strong>prostituere.</strong></span> <span class='ocrx_word' id='word_1_586' title='bbox 1408 3708 1488 3766; x_wconf 91' lang='lat' dir='ltr'><strong>Leno</strong></span> <span class='ocrx_word' id='word_1_587' title='bbox 1503 3711 1544 3766; x_wconf 88' lang='lat' dir='ltr'><strong>ait</strong></span> <span class='ocrx_word' id='word_1_588' title='bbox 1558 3731 1565 3767; x_wconf 90' lang='lat'>:</span> <span class='ocrx_word' id='word_1_589' title='bbox 1585 3708 1664 3767; x_wconf 76' lang='lat' dir='ltr'><strong>Lesa</strong></span> <span class='ocrx_word' id='word_1_590' title='bbox 1677 3722 1714 3782; x_wconf 74' lang='lat' dir='ltr'><strong>te,</strong></span> <span class='ocrx_word' id='word_1_591' title='bbox 1725 3707 1769 3765; x_wconf 84' lang='lat' dir='ltr'><strong>mi·</strong></span> 
     </span>
     <span class='ocr_line' id='line_1_86' title="bbox 997 3805 1769 3885; baseline -0.005 -21"><span class='ocrx_word' id='word_1_592' title='bbox 997 3825 1080 3879; x_wconf 89' lang='lat' dir='ltr'><strong>sera,</strong></span> <span class='ocrx_word' id='word_1_593' title='bbox 1096 3808 1191 3866; x_wconf 89' lang='lat' dir='ltr'><strong>nescis</strong></span> <span class='ocrx_word' id='word_1_594' title='bbox 1204 3809 1275 3884; x_wconf 89' lang='lat' dir='ltr'><strong>quia</strong></span> <span class='ocrx_word' id='word_1_595' title='bbox 1288 3805 1366 3885; x_wconf 89' lang='lat' dir='ltr'><strong>apud</strong></span> <span class='ocrx_word' id='word_1_596' title='bbox 1380 3818 1517 3864; x_wconf 90' lang='lat' dir='ltr'><strong>tortorem</strong></span> <span class='ocrx_word' id='word_1_597' title='bbox 1531 3818 1561 3863; x_wconf 89' lang='lat' dir='ltr'><strong>et</strong></span> <span class='ocrx_word' id='word_1_598' title='bbox 1575 3807 1710 3864; x_wconf 87' lang='lat' dir='ltr'><strong>lenonem</strong></span> <span class='ocrx_word' id='word_1_599' title='bbox 1725 3821 1769 3863; x_wconf 81' lang='lat' dir='ltr'><strong>not</strong></span> 
     </span>
    </p>
   </div>
   <div class='ocr_carea' id='block_1_10' title="bbox 986 3900 1794 4055">
    <p class='ocr_par' dir='ltr' id='par_1_15' title="bbox 986 3900 1794 4055">
     <span class='ocr_line' id='line_1_87' title="bbox 986 3900 1794 4055; baseline -0.001 -96"><span class='ocrx_word' id='word_1_600' title='bbox 986 3922 1096 4055; x_wconf 71' lang='lat' dir='ltr'><strong>preces</strong></span> <span class='ocrx_word' id='word_1_601' title='bbox 1110 3923 1163 3962; x_wconf 87' lang='lat' dir='ltr'><strong>nec</strong></span> <span class='ocrx_word' id='word_1_602' title='bbox 1174 3905 1312 3980; x_wconf 89' lang='lat' dir='ltr'><strong>lacrymae</strong></span> <span class='ocrx_word' id='word_1_603' title='bbox 1327 3902 1445 3961; x_wconf 87' lang='lat' dir='ltr'><strong>valentl</strong></span> <span class='ocrx_word' id='word_1_604' title='bbox 1464 3900 1501 3958; x_wconf 87' lang='lat' dir='ltr'><strong>Et</strong></span> <span class='ocrx_word' id='word_1_605' title='bbox 1512 3902 1632 3960; x_wconf 86' lang='lat' dir='ltr'><strong>vocarit</strong></span> <span class='ocrx_word' id='word_1_606' title='bbox 1646 3902 1681 3960; x_wconf 87' lang='lat' dir='ltr'><strong>ad</strong></span> <span class='ocrx_word' id='word_1_607' title='bbox 1694 3920 1722 3960; x_wconf 85' lang='lat' dir='ltr'><strong>se</strong></span> <span class='ocrx_word' id='word_1_608' title='bbox 1733 3905 1794 3958; x_wconf 78' lang='lat' dir='ltr'><strong>tat-²⁸</strong></span> 
     </span>
    </p>
   </div>
   <div class='ocr_carea' id='block_1_11' title="bbox 995 3988 1787 5228">
    <p class='ocr_par' dir='ltr' id='par_1_16' title="bbox 995 3988 1787 5228">
     <span class='ocr_line' id='line_1_88' title="bbox 1012 3988 1768 4076; baseline -0.004 -22"><span class='ocrx_word' id='word_1_609' title='bbox 1012 3997 1107 4055; x_wconf 89' lang='lat' dir='ltr'><strong>todem</strong></span> <span class='ocrx_word' id='word_1_610' title='bbox 1123 3998 1302 4076; x_wconf 90' lang='lat' dir='ltr'><strong>puellarum,</strong></span> <span class='ocrx_word' id='word_1_611' title='bbox 1324 4009 1353 4054; x_wconf 89' lang='lat' dir='ltr'><strong>et</strong></span> <span class='ocrx_word' id='word_1_612' title='bbox 1374 3997 1443 4054; x_wconf 89' lang='lat' dir='ltr'><strong>ait:</strong></span> <span class='ocrx_word' id='word_1_613' title='bbox 1465 3995 1635 4066; x_wconf 75' lang='lat' dir='ltr'><strong>Amiante*,</strong></span> <span class='ocrx_word' id='word_1_614' title='bbox 1658 3988 1768 4052; x_wconf 85' lang='lat' dir='ltr'><strong>vadead</strong></span> 
     </span>
     <span class='ocr_line' id='line_1_89' title="bbox 996 4091 1768 4171; baseline -0.005 -19"><span class='ocrx_word' id='word_1_615' title='bbox 996 4094 1097 4152; x_wconf 86' lang='lat' dir='ltr'><strong>cellam</strong></span> <span class='ocrx_word' id='word_1_616' title='bbox 1112 4094 1163 4153; x_wconf 91' lang='lat' dir='ltr'><strong>ubi</strong></span> <span class='ocrx_word' id='word_1_617' title='bbox 1187 4095 1298 4152; x_wconf 88' lang='lat' dir='ltr'><strong>Briseis</strong></span> <span class='ocrx_word' id='word_1_618' title='bbox 1319 4095 1413 4164; x_wconf 89' lang='lat' dir='ltr'><strong>stetit;</strong></span> <span class='ocrx_word' id='word_1_619' title='bbox 1436 4105 1464 4150; x_wconf 91' lang='lat' dir='ltr'><strong>et</strong></span> <span class='ocrx_word' id='word_1_620' title='bbox 1482 4094 1537 4150; x_wconf 88' lang='lat' dir='ltr'><strong>ista</strong></span> <span class='ocrx_word' id='word_1_621' title='bbox 1551 4091 1651 4171; x_wconf 90' lang='lat' dir='ltr'><strong>puella</strong></span> <span class='ocrx_word' id='word_1_622' title='bbox 1664 4103 1768 4149; x_wconf 86' lang='lat' dir='ltr'><strong>ornetur</strong></span> 
     </span>
     <span class='ocr_line' id='line_1_90' title="bbox 996 4184 1765 4266; baseline -0.008 -18"><span class='ocrx_word' id='word_1_623' title='bbox 996 4190 1167 4266; x_wconf 82' lang='lat' dir='ltr'><strong>diligenter,</strong></span> <span class='ocrx_word' id='word_1_624' title='bbox 1184 4204 1212 4248; x_wconf 92' lang='lat' dir='ltr'><strong>et</strong></span> <span class='ocrx_word' id='word_1_625' title='bbox 1227 4190 1328 4248; x_wconf 91' lang='lat' dir='ltr'><strong>titulus</strong></span> <span class='ocrx_word' id='word_1_626' title='bbox 1342 4188 1498 4247; x_wconf 86' lang='lat' dir='ltr'><strong>scribatur.</strong></span> <span class='ocrx_word' id='word_1_627' title='bbox 1514 4187 1573 4257; x_wconf 83' lang='lat' dir='ltr'><strong>Qui</strong></span> <span class='ocrx_word' id='word_1_628' title='bbox 1586 4186 1612 4244; x_wconf 84' lang='lat' dir='ltr'><strong>&#39;l</strong></span> <span class='ocrx_word' id='word_1_629' title='bbox 1613 4188 1714 4245; x_wconf 88' lang='lat' dir='ltr'><strong>arsiam</strong></span> <span class='ocrx_word' id='word_1_630' title='bbox 1727 4184 1765 4241; x_wconf 71' lang='lat' dir='ltr'><strong>de</strong></span> 
     </span>
     <span class='ocr_line' id='line_1_91' title="bbox 996 4283 1763 4365; baseline -0.01 -19"><span class='ocrx_word' id='word_1_631' title='bbox 996 4289 1146 4365; x_wconf 90' lang='lat' dir='ltr'><strong>virginare</strong></span> <span class='ocrx_word' id='word_1_632' title='bbox 1161 4289 1306 4359; x_wconf 89' lang='lat' dir='ltr'><strong>voluerit,</strong></span> <span class='ocrx_word' id='word_1_633' title='bbox 1319 4286 1478 4345; x_wconf 87' lang='lat' dir='ltr'><strong>dimidiam</strong></span> <span class='ocrx_word' id='word_1_634' title='bbox 1485 4287 1551 4344; x_wconf 91' lang='lat' dir='ltr'><strong>auri</strong></span> <span class='ocrx_word' id='word_1_635' title='bbox 1566 4284 1673 4344; x_wconf 89' lang='lat' dir='ltr'><strong>libram</strong></span> <span class='ocrx_word' id='word_1_636' title='bbox 1685 4283 1763 4351; x_wconf 70' lang='lat' dir='ltr'><strong>dabit,</strong></span> 
     </span>
     <span class='ocr_line' id='line_1_92' title="bbox 996 4375 1787 4461; baseline -0.008 -20"><span class='ocrx_word' id='word_1_637' title='bbox 996 4397 1097 4461; x_wconf 89' lang='lat' dir='ltr'><strong>postea</strong></span> <span class='ocrx_word' id='word_1_638' title='bbox 1117 4385 1241 4460; x_wconf 90' lang='lat' dir='ltr'><strong>singulis</strong></span> <span class='ocrx_word' id='word_1_639' title='bbox 1265 4385 1361 4442; x_wconf 88' lang='lat' dir='ltr'><strong>aureis</strong></span> <span class='ocrx_word' id='word_1_640' title='bbox 1383 4382 1496 4461; x_wconf 91' lang='lat' dir='ltr'><strong>populo</strong></span> <span class='ocrx_word' id='word_1_641' title='bbox 1518 4380 1641 4459; x_wconf 85' lang='lat' dir='ltr'><strong>patebit.</strong></span> <span class='ocrx_word' id='word_1_642' title='bbox 1662 4379 1694 4438; x_wconf 85' lang='lat' dir='ltr'><strong>Et</strong></span> <span class='ocrx_word' id='word_1_643' title='bbox 1714 4375 1787 4436; x_wconf 73' lang='lat' dir='ltr'><strong>leuitt·</strong></span> 
     </span>
     <span class='ocr_line' id='line_1_93' title="bbox 996 4473 1761 4556; baseline -0.008 -18"><span class='ocrx_word' id='word_1_644' title='bbox 996 4493 1092 4540; x_wconf 85' lang='lat' dir='ltr'><strong>custos</strong></span> <span class='ocrx_word' id='word_1_645' title='bbox 1104 4480 1336 4539; x_wconf 76' lang='lat' dir='ltr'><strong>Amiantussicut</strong></span> <span class='ocrx_word' id='word_1_646' title='bbox 1347 4480 1436 4556; x_wconf 87' lang='lat' dir='ltr'><strong>jussit</strong></span> <span class='ocrx_word' id='word_1_647' title='bbox 1448 4479 1588 4536; x_wconf 90' lang='lat' dir='ltr'><strong>dominus</strong></span> <span class='ocrx_word' id='word_1_648' title='bbox 1598 4477 1672 4554; x_wconf 83' lang='lat' dir='ltr'><strong>ejus.</strong></span> <span class='ocrx_word' id='word_1_649' title='bbox 1683 4473 1761 4532; x_wconf 79' lang='lat' dir='ltr'><strong>tertia</strong></span> 
     </span>
     <span class='ocr_line' id='line_1_94' title="bbox 996 4574 1760 4653; baseline -0.01 -18"><span class='ocrx_word' id='word_1_650' title='bbox 996 4598 1065 4637; x_wconf 91' lang='lat' dir='ltr'><strong>vero</strong></span> <span class='ocrx_word' id='word_1_651' title='bbox 1077 4577 1141 4650; x_wconf 93' lang='lat' dir='ltr'><strong>die,</strong></span> <span class='ocrx_word' id='word_1_652' title='bbox 1159 4577 1279 4653; x_wconf 87' lang='lat' dir='ltr'><strong>Tarsia,</strong></span> <span class='ocrx_word' id='word_1_653' title='bbox 1292 4574 1529 4635; x_wconf 86' lang='lat' dir='ltr'><strong>antecedentibus</strong></span> <span class='ocrx_word' id='word_1_654' title='bbox 1548 4574 1646 4632; x_wconf 90' lang='lat' dir='ltr'><strong>turbis</strong></span> <span class='ocrx_word' id='word_1_655' title='bbox 1664 4586 1691 4631; x_wconf 88' lang='lat' dir='ltr'><strong>et</strong></span> <span class='ocrx_word' id='word_1_656' title='bbox 1701 4586 1760 4648; x_wconf 84' lang='lat' dir='ltr'><strong>synt·</strong></span> 
     </span>
     <span class='ocr_line' id='line_1_95' title="bbox 996 4669 1760 4754; baseline -0.01 -21"><span class='ocrx_word' id='word_1_657' title='bbox 996 4675 1167 4754; x_wconf 86' lang='lat' dir='ltr'><strong>phoniacis,</strong></span> <span class='ocrx_word' id='word_1_658' title='bbox 1182 4674 1300 4731; x_wconf 90' lang='lat' dir='ltr'><strong>ducitur</strong></span> <span class='ocrx_word' id='word_1_659' title='bbox 1314 4673 1350 4731; x_wconf 89' lang='lat' dir='ltr'><strong>ad</strong></span> <span class='ocrx_word' id='word_1_660' title='bbox 1368 4672 1502 4750; x_wconf 89' lang='lat' dir='ltr'><strong>lupanar.</strong></span> <span class='ocrx_word' id='word_1_661' title='bbox 1519 4670 1577 4728; x_wconf 90' lang='lat' dir='ltr'><strong>Sed</strong></span> <span class='ocrx_word' id='word_1_662' title='bbox 1589 4669 1760 4743; x_wconf 68' lang='lat' dir='ltr'><strong>antinaguu</strong></span> 
     </span>
     <span class='ocr_line' id='line_1_96' title="bbox 996 4765 1761 4849; baseline -0.012 -20"><span class='ocrx_word' id='word_1_663' title='bbox 996 4791 1047 4829; x_wconf 89' lang='lat' dir='ltr'><strong>rex</strong></span> <span class='ocrx_word' id='word_1_664' title='bbox 1065 4771 1148 4849; x_wconf 93' lang='lat' dir='ltr'><strong>prior</strong></span> <span class='ocrx_word' id='word_1_665' title='bbox 1166 4771 1268 4841; x_wconf 79' lang='lat' dir='ltr'><strong>afluit3</strong></span> <span class='ocrx_word' id='word_1_666' title='bbox 1285 4782 1314 4826; x_wconf 88' lang='lat' dir='ltr'><strong>et</strong></span> <span class='ocrx_word' id='word_1_667' title='bbox 1329 4767 1423 4825; x_wconf 92' lang='lat' dir='ltr'><strong>velato</strong></span> <span class='ocrx_word' id='word_1_668' title='bbox 1438 4767 1533 4844; x_wconf 90' lang='lat' dir='ltr'><strong>capite</strong></span> <span class='ocrx_word' id='word_1_669' title='bbox 1547 4765 1671 4844; x_wconf 85' lang='lat' dir='ltr'><strong>lupanar</strong></span> <span class='ocrx_word' id='word_1_670' title='bbox 1683 4765 1761 4836; x_wconf 70' lang='lat' dir='ltr'><strong>ingre</strong></span> 
     </span>
     <span class='ocr_line' id='line_1_97' title="bbox 996 4858 1784 4938; baseline -0.011 -16"><span class='ocrx_word' id='word_1_671' title='bbox 996 4866 1087 4923; x_wconf 92' lang='lat' dir='ltr'><strong>ditur.</strong></span> <span class='ocrx_word' id='word_1_672' title='bbox 1108 4864 1246 4922; x_wconf 87' lang='lat' dir='ltr'><strong>introivit</strong></span> <span class='ocrx_word' id='word_1_673' title='bbox 1263 4864 1293 4920; x_wconf 93' lang='lat' dir='ltr'><strong>in</strong></span> <span class='ocrx_word' id='word_1_674' title='bbox 1316 4863 1418 4920; x_wconf 90' lang='lat' dir='ltr'><strong>cellam</strong></span> <span class='ocrx_word' id='word_1_675' title='bbox 1433 4874 1462 4919; x_wconf 93' lang='lat' dir='ltr'><strong>et</strong></span> <span class='ocrx_word' id='word_1_676' title='bbox 1477 4859 1553 4919; x_wconf 89' lang='lat' dir='ltr'><strong>sedit</strong></span> <span class='ocrx_word' id='word_1_677' title='bbox 1568 4879 1657 4938; x_wconf 91' lang='lat' dir='ltr'><strong>super</strong></span> <span class='ocrx_word' id='word_1_678' title='bbox 1677 4858 1784 4914; x_wconf 70' lang='lat' dir='ltr'><strong>locunt·</strong></span> 
     </span>
     <span class='ocr_line' id='line_1_98' title="bbox 996 4940 1761 5036; baseline -0.01 -20"><span class='ocrx_word' id='word_1_679' title='bbox 996 4958 1114 5036; x_wconf 89' lang='lat' dir='ltr'><strong>puellae,</strong></span> <span class='ocrx_word' id='word_1_680' title='bbox 1134 4971 1163 5016; x_wconf 91' lang='lat' dir='ltr'><strong>et</strong></span> <span class='ocrx_word' id='word_1_681' title='bbox 1185 4958 1294 5016; x_wconf 88' lang='lat' dir='ltr'><strong>ostium</strong></span> <span class='ocrx_word' id='word_1_682' title='bbox 1320 4957 1433 5014; x_wconf 87' lang='lat' dir='ltr'><strong>clausit.</strong></span> <span class='ocrx_word' id='word_1_683' title='bbox 1454 4954 1556 5014; x_wconf 84' lang='lat' dir='ltr'><strong>Puella</strong></span> <span class='ocrx_word' id='word_1_684' title='bbox 1578 4940 1761 5033; x_wconf 71' lang='lat' dir='ltr'><strong>prociderant</strong></span> 
     </span>
     <span class='ocr_line' id='line_1_99' title="bbox 996 5039 1759 5132; baseline -0.009 -21"><span class='ocrx_word' id='word_1_685' title='bbox 996 5053 1083 5132; x_wconf 88' lang='lat' dir='ltr'><strong>pedes</strong></span> <span class='ocrx_word' id='word_1_686' title='bbox 1096 5053 1176 5131; x_wconf 87' lang='lat' dir='ltr'><strong>ejus,</strong></span> <span class='ocrx_word' id='word_1_687' title='bbox 1190 5055 1230 5110; x_wconf 93' lang='lat' dir='ltr'><strong>ait</strong></span> <span class='ocrx_word' id='word_1_688' title='bbox 1245 5074 1252 5109; x_wconf 76' lang='grc' dir='ltr'>ι</span> <span class='ocrx_word' id='word_1_689' title='bbox 1269 5052 1408 5111; x_wconf 80' lang='lat' dir='ltr'><strong>Miserere</strong></span> <span class='ocrx_word' id='word_1_690' title='bbox 1428 5051 1503 5127; x_wconf 86' lang='lat' dir='ltr'><strong>mei,</strong></span> <span class='ocrx_word' id='word_1_691' title='bbox 1517 5051 1653 5120; x_wconf 74' lang='lat' dir='ltr'><strong>domine,</strong></span> <span class='ocrx_word' id='word_1_692' title='bbox 1669 5039 1759 5123; x_wconf 82' lang='lat' dir='ltr'><strong>perju-</strong></span> 
     </span>
     <span class='ocr_line' id='line_1_100' title="bbox 995 5145 1760 5228; baseline -0.01 -17"><span class='ocrx_word' id='word_1_693' title='bbox 995 5164 1145 5212; x_wconf 81' lang='lat' dir='ltr'><strong>rentutem</strong></span> <span class='ocrx_word' id='word_1_694' title='bbox 1153 5163 1267 5210; x_wconf 88' lang='lat' dir='ltr'><strong>tuamet</strong></span> <span class='ocrx_word' id='word_1_695' title='bbox 1277 5169 1331 5228; x_wconf 90' lang='lat' dir='ltr'><strong>per</strong></span> <span class='ocrx_word' id='word_1_696' title='bbox 1342 5150 1436 5207; x_wconf 90' lang='lat' dir='ltr'><strong>Deum</strong></span> <span class='ocrx_word' id='word_1_697' title='bbox 1445 5149 1571 5207; x_wconf 73' lang='lat' dir='ltr'><strong>vivum*</strong></span> <span class='ocrx_word' id='word_1_698' title='bbox 1584 5161 1614 5206; x_wconf 87' lang='lat' dir='ltr'><strong>te</strong></span> <span class='ocrx_word' id='word_1_699' title='bbox 1623 5145 1760 5224; x_wconf 72' lang='lat' dir='ltr'><strong>adjurant</strong></span> 
     </span>
    </p>
   </div>
   <div class='ocr_carea' id='block_1_12' title="bbox 0 0 1868 5692">
    <p class='ocr_par' dir='ltr' id='par_1_17' title="bbox 0 0 1868 5692">
     <span class='ocr_line' id='line_1_101' title="bbox 0 0 1868 5692; baseline 0 1"><span class='ocrx_word' id='word_1_700' title='bbox 0 0 1868 5692; x_wconf 95' lang='lat' dir='ltr'><strong> </strong></span> 
     </span>
    </p>
   </div>
  </div>
 </body>
</html>
