3726 5692
866 352 982 411 Linus
1004 352 1085 413 Vlll.

154 479 243 537 πάντα
258 477 291 536 τδι
308 480 354 546 τῆς
370 476 519 552 ἀποδημίας
538 476 701 554 διηγήματα.
746 478 873 544 Κάκεῖνος
894 476 947 536 ἀπὸ

153 572 208 628 τῶν
222 568 378 626 τελευταίων
393 565 507 646 ἤρξατο,
523 568 615 625 λυπεῖν
626 567 656 626 σθ
668 566 750 625 θέλων
765 568 791 625 ἐν
807 568 859 634 τοῖς
871 566 947 647 πρώ-

154 680 209 723 τοις
230 656 275 715 καί
296 661 459 734 σκυθρωποῖς
478 655 522 712 τὸν
536 653 611 712 λαόν.
656 654 689 715 Ὁ
711 653 739 723 δὲ
762 657 844 731 δῆμος
863 659 947 714 ἐνικε-

155 746 261 805 λεύετο·
276 744 446 825 Ἐρωτῶμεν,
465 742 562 801 ἄνωθεν
577 741 665 822 αίρξαι,
683 741 771 827 πάντα
794 744 858 820 ἡμῖν
872 743 947 821 λέγι,

124 852 141 888 s
156 834 241 910 μηδὲν
254 830 417 912 παραλίπῃς,
458 828 552 890 Ὤκνει
572 830 701 910 Χαιρέας,
716 835 752 898 ὡς
768 830 799 890 ἂν
814 830 860 889 ἐπὶ
876 834 948 890 πολ-

154 925 212 989 λοῖς
225 924 277 980 τῶν
287 921 316 979 ού
332 917 401 978 κατδι
415 918 524 996 γνώμην
539 917 698 994 συμόσίντων
713 917 875 995 αἰδούμενος.
890 919 949 1000 Ἑρ·

155 1008 292 1089 μοκρότης
314 1008 337 1066 δ’
360 1007 424 1088 έρη·
449 1006 540 1080 Μηδέν
561 1008 697 1088 αἰδεσθῇς,
724 997 746 1066 ὦ
768 1007 867 1082 τίκνον,
898 1005 948 1066 κᾶν

154 1098 235 1178 λέγῃς
249 1120 274 1157 τι
292 1096 482 1175 λυπηρότερον,
504 1093 522 1168 ἢ
537 1095 690 1175 μικρότερον
713 1099 799 1172 ἡμῶν.
843 1093 883 1155 Tb
896 1094 949 1174 γδρ

155 1184 247 1263 τέλος,
267 1184 390 1265 λαμπρὸν
412 1188 562 1261 γενόμενον,
585 1186 718 1244 ἐπισκοτεῖ
738 1192 792 1252 τοῖς
815 1183 949 1264 προτέροις

1723 366 1776 418 5⁰1

995 484 1127 536 deducunt.
1163 487 1288 537 chaeream
1298 501 1356 536 sero
1369 487 1492 537 detinebat
1504 489 1599 549 concio,
1608 491 1685 540 totam
1694 491 1785 542 itineris

993 585 1018 632 et
1031 583 1146 633 absentiae
1158 584 1277 633 rationem
1286 585 1348 634 scire
1362 584 1458 647 cupide.
1493 586 1625 649 incipiebat
1637 588 1709 649 igitur
1722 588 1786 639 illsa

994 678 1134 741 postremis,
1156 679 1241 728 nolens
1255 679 1372 742 populum
1391 680 1532 729 recitatione
1550 681 1657 744 priorum
1671 697 1786 747 casuum,

993 771 1035 822 sed
1047 771 1166 833 tristium,
1178 772 1293 834 allllgere.
1327 773 1434 835 Populus
1444 777 1527 824 notem
1539 775 1644 825 instabat
1656 796 1662 825 :
1679 780 1785 839 Rogatus

994 877 1009 913 a
1022 865 1140 928 principio
1154 864 1237 915 ordiri.
1271 866 1316 916 Dic
1331 866 1401 917 nobis
1414 867 1504 918 omnin.
1537 871 1698 921 Prretermittc
1714 873 1783 924 nibil.

995 959 1107 1011 Ghaerens
1121 958 1214 1022 pudore
1228 958 1375 1022 multorum,
1393 973 1450 1023 qum
1465 964 1552 1024 preter
1570 963 1722 1014 voluntatem
1741 966 1787 1030 ipsi

995 1054 1137 1117 erenermt,
1155 1065 1257 1103 cesare.
1290 1053 1337 1105 Sed
1352 1056 1524 1106 Hermocrates
1537 1070 1544 1105 ε
1557 1056 1653 1109 Pudore
1672 1059 1711 1108 bic
1725 1073 1787 1123 opus

995 1150 1105 1209 nonest,
1118 1147 1166 1208 dli,
1182 1148 1276 1199 etiamsi
1291 1148 1358 1200 dices
1373 1151 1466 1214 aliquid
1477 1152 1586 1214 tristius,
1600 1157 1644 1203 snt
1661 1154 1784 1207 humilius.

996 1242 1061 1292 Finis
1074 1242 1138 1292 enim
1152 1243 1292 1306 splendidus
1303 1244 1380 1295 tuclus
1391 1244 1436 1295 ista
1451 1247 1532 1307 priora
1548 1249 1630 1297 omnia
1647 1249 1785 1301 obumbrat.

118 1273 253 1333 iodrensi.
296 1271 335 1332 Τὸ
351 1272 378 1331 δὲ
396 1271 433 1350 μὴ
450 1272 527 1355 ῥηθὲν
546 1273 670 1330 θπόνοιαν
685 1271 741 1352 ἔχει
757 1271 948 1352 χαλεπωτέραν

156 1362 183 1432 ἐξ
198 1363 281 1433 αὐτῆς
294 1365 341 1432 τῆς
361 1366 474 1431 σιωπῆς.
520 1361 635 1441 Πατρίδι
654 1359 797 1435 λέγειςκαὶ
819 1365 948 1438 γονεῦσιν,

156 1442 194 1510 ὧν
213 1450 351 1530 ἰσόρροπος
373 1450 471 1530 ηπρδς
495 1449 656 1530 ἀμφοτέρους
679 1453 747 1526 ὑμᾶς
770 1449 949 1531 φιλοστοργία.

156 1540 201 1601 Tb
214 1539 263 1616 μίν
277 1531 322 1598 ούν
337 1543 431 1618 πρῶτα
448 1543 501 1598 τῶν
516 1539 686 1616 διηγημάτων
702 1538 753 1610 ἤδη
776 1538 821 1597 καί
837 1541 851 1597 δ
867 1539 950 1613 δῆμος

156 1628 315 1700 ἐπίσταται,
331 1628 438 1708 καὶγὰρ
453 1627 498 1686 τδν
511 1627 597 1706 γόμον
609 1629 682 1703 ίνμῶν
695 1626 772 1694 αθτδς
783 1626 876 1696 ἔζευξε.
891 1627 950 1696 Τὴν

126 1734 145 1776 ιι
156 1720 210 1779 τῶν
232 1715 510 1796 θντιμνηστευομένων
527 1714 667 1787 ἐπιόουλήν
686 1718 721 1783 είς
736 1717 819 1797 ψευδῆ
839 1718 951 1788 ζηλοτυ-

157 1806 232 1880 πίαν,
245 1807 359 1886 ἀκαίρως
373 1805 489 1879 ἔπληξας
501 1805 548 1877 τὴν
563 1813 690 1882 γυναῖκα,
706 1805 802 1869 πάντες
821 1802 949 1884 ἔγνωμεν,

158 1897 206 1955 καί
219 1894 259 1954 ότι
271 1894 369 1963 δόξασα
381 1894 503 1953 τεθνάναι
518 1895 667 1959 πολυτελῶς
681 1893 818 1966 ἐκηδεύθη.
862 1892 900 1953 Σύ
913 1893 950 1966 δέ,

158 1986 195 2051 είς
210 1984 288 2065 ρόνου
302 1983 377 2055 δίκην
392 1982 539 2063 ὑπαχθείς,
556 1987 667 2041 σεαυτοῦ
683 1980 870 2062 κατεψηρίσω,
890 2004 952 2040 συν-

158 2077 300 2132 αποθανεῑν
314 2071 395 2131 θελων
413 2096 445 2152 τη
460 2070 574 2149 γυναικί.
618 2070 715 2130 Ἀλλ’ό
734 2070 817 2140 δῆμός
842 2093 871 2129 σε
886 2069 951 2128 tnt-

106 2178 138 2215 ω
156 2165 247 2233 λυστν,
262 2161 383 2220 ἀκούσιον
401 2159 521 2238 ἐπιγνοὺς
534 2159 564 2218 τὸ
585 2159 702 2236 συμόιίν.
745 2156 789 2218 Ti
811 2155 838 2216 δὲ
853 2155 951 2217 τούτων

159 2248 250 2331 ἐφεξῆς
266 2251 346 2329 [ἡμῖν
361 2249 558 2327 ἀπόγγειλον],
569 2247 609 2306 ότι
623 2246 721 2326 Θήρων
734 2250 749 2305 ό
762 2245 951 2327 τυμόωρύχος,

156 2339 253 2406 νυκτὸς
269 2337 313 2397 τδν
328 2338 409 2418 πόρον
425 2337 589 2418 διασκάψας,
613 2333 791 2416 Καλλιρρόην,
805 2336 893 2404 ζῶσαν
911 2340 952 2394 εὖ·

160 2426 223 2507 ρὼν,
240 2424 306 2502 μετδι
321 2429 372 2484 τῶν
388 2425 515 2503 ἐνταρίων
529 2425 635 2497 ἐνέθηκε
648 2428 686 2503 τῷ
697 2427 842 2504 πειρατικῷ
861 2424 952 2495 κέλητι

156 2516 207 2573 καί
223 2517 259 2580 εἰς
270 2514 373 2575 Ἰωνίαν
388 2513 531 2587 ἐπώλησε,
548 2513 579 2572 σύ
596 2513 623 2572 δέ
635 2512 704 2572 κατθ
722 2512 770 2584 τλν
785 2511 892 2585 ζήτησιν
907 2517 954 2584 τῆς

106 2616 122 2651 '³
152 2602 283 2680 γυναικός
297 2601 415 2674 ἐξελθὼν,
431 2602 513 2675 αὐτὴν
529 2603 576 2680 μὲν
594 2604 643 2681 οὐχ
659 2592 744 2681 ε’ύρες,
759 2602 785 2658 ἐν
802 2600 828 2658 δὲ
850 2605 883 2680 τῇ
905 2607 953 2659 θα-

153 2689 248 2771 λάσση
261 2693 299 2772 τῷ
308 2694 452 2771 πειρατικῷ
462 2691 548 2771 πλοίῳ
560 2688 718 2769 περιπεσὼν,
730 2686 789 2754 τοὺς
801 2687 848 2764 μὲν
860 2689 953 2754 ἄλλους

152 2778 263 2858 λῃστὰς
278 2782 420 2845 τεθνεῶτας
435 2778 584 2845 κατίλαδες
604 2777 654 2836 θπδ
669 2776 771 2857 δίψους,
786 2776 903 2856 Θήρωνα
925 2775 952 2834 δὲ
1000 2766 1122 2827 navigium
1147 2767 1249 2814 ceteros
1269 2764 1375 2813 latrones
1396 2764 1435 2814 slti
1453 2766 1585 2816 exstinctos
1606 2765 1792 2829 deprehenderis

153 2869 242 2945 μόνον
257 2867 294 2926 ἔτι
309 2870 393 2937 ζῶντα
409 2867 548 2946 εἰσήγαγες
563 2869 598 2933 είς
609 2865 657 2937 τλν
670 2865 823 2938 ἐκκλησίαν,
837 2865 954 2931 κάκεῖνος
1000 2866 1089 2924 praeter
1098 2863 1248 2920 Theronenr,
1259 2873 1332 2921 quem
1342 2861 1425 2908 sirum
1435 2861 1591 2911 introduxisti
1605 2865 1629 2912 in
1639 2867 1790 2928 concionem,

152 2956 211 3034 μίν
225 2956 391 3035 βασανισθεὶς
403 2955 621 3025 ἀνεσκολοπίσθη,
634 2951 728 3033 τριήρη
743 2953 768 3009 δ’
781 2952 923 3032 ἐξέπεμψεν
937 2956 953 3024 ἡ
1001 2955 1041 3004 nbi
1053 2958 1132 3004 tortus
1142 2955 1182 3003 ille
1193 2953 1291 3003 taudem
1304 2953 1358 3015 palo
1375 2953 1536 3015 sullixuscst,
1549 2956 1606 3005 urbs
1620 2956 1707 3008 deinde
1721 2960 1791 3010 trire-

106 3058 117 3091 ῦ
150 3045 238 3111 πόλις
252 3045 298 3103 καί
316 3043 480 3122 πρεσὸευτλν
500 3042 567 3122 ὑπὲρ
590 3040 772 3122 Καλλιρρόης,
788 3038 904 3108 ἑκούσιος
927 3040 953 3098 δὲ
1001 3063 1065 3099 mern
1086 3049 1165 3099 emisit
1183 3051 1208 3097 ct
1228 3046 1371 3109 legationem
1386 3060 1429 3109 pro
1444 3048 1592 3111 callirrhoe,
1611 3054 1635 3100 et
1649 3055 1734 3115 sponte
1746 3054 1791 3104 tibi

151 3130 351 3201 συνεξέπλευσέ
370 3156 410 3190 ⁶01
428 3130 636 3211 Πῦλῦχαρμῠςὸ
659 3128 747 3209 φίλοι,
766 3131 840 3186 ταῦτ’
860 3126 953 3205 luisti·
1000 3145 1111 3208 prestitit
1125 3145 1266 3194 comitatum
1282 3142 1455 3204 Polycharmus
1472 3145 1626 3205 ensrigauti:
1644 3147 1696 3197 haec
1710 3151 1792 3200 omnin

125 3221 193 3282 -ὠ
209 3222 234 3280 δ’
248 3222 495 3304 ἦμῑνδθίγησαῑτθ
509 3222 752 3300 μῑτθτθνῖκπλῠυν
765 3220 951 3303 συνένῑχθὲιτα
1000 3240 1122 3289 norimus.
1157 3241 1194 3287 Tu
1209 3251 1266 3286 vero
1279 3236 1441 3297 narrauobis,
1457 3250 1512 3298 quoe
1525 3240 1657 3300 posttuam
1671 3243 1792 3294 lriucenn-

148 3311 206 3371 ’ὢν
219 3309 406 3380 ‘blemm-
451 3309 485 3369 Ὁ
498 3307 524 3367 δὲ
538 3304 817 3388 Χθῑθίαίένθῑνέλὼν
831 3307 954 3383 δῑηίῑῗτθ
1002 3334 1147 3399 rigationem
1159 3331 1309 3382 ecciderunt.
1343 3332 1463 3383 Narrabat
1474 3333 1529 3384 inde
1538 3348 1608 3386 orsus
1618 3335 1729 3388 chereas
1740 3340 1790 3393 sic:

153 3400 335 3465 Πλεύσαντες
349 3396 392 3455 τδν
406 3396 497 3456 Ἰόνιον
511 3398 649 3476 αἰσραλῶς,
664 3397 700 3461 είς
712 3393 808 3474 χωρίον
821 3392 956 3474 κατήχθη-

106 3498 118 3535 ⁵
151 3512 213 3565 μιν
225 3487 319 3566 ἀνδρὸς
334 3485 480 3559 Μιλησίου,
496 3483 634 3542 Διονυσίου
646 3481 776 3558 τοῦνομα,
791 3482 896 3561 πλούτῳ
910 3483 956 3540 καί

149 3576 232 3656 γένει
255 3575 302 3634 καὶ
324 3574 384 3651 δόξη
400 3572 505 3632 πόντων
531 3571 626 3634 ’ίόινων
649 3571 828 3651 ὑπερέχοντος.
872 3562 956 3637 Ούτος
977 3594 980 3625 ι

151 3666 205 3738 δέ,
221 3662 324 3743 όπαρθ
340 3662 465 3740 θήροινος
480 3662 648 3741 Καλλιρρόην
663 3660 793 3718 ταλάντου
803 3658 954 3738 πριάμενος.

151 3755 211 3826 Μὴ
238 3751 382 3834 Ptsshffi‘ltss·
430 3754 488 3811 Οὐκ
512 3750 674 3808 ἐδούλευσεν,
722 3746 808 3814 Εὐθὺς
833 3746 884 3826 γὰρ
909 3747 955 3817 τὴν
1001 3721 1112 3770 Therone
1124 3717 1265 3767 redemerat.
1301 3718 1335 3766 lie
1350 3715 1471 3776 timeatis,
1488 3716 1589 3766 illsuon
1605 3720 1696 3768 serviit.
1730 3724 1792 3772 llam

151 3840 355 3923 ἀργυρωνγτη,
371 3844 448 3900 αὑτοῦ
471 3838 610 3900 &smmum
627 3835 801 3904 &Urgetgmp
820 3837 884 3914 ἐρῶ,
909 3839 955 3892 ee·
1002 3817 1083 3866 statim
1102 3815 1241 3864 venalitium
1256 3825 1325 3861 suam
1343 3812 1512 3873 lecitlreram,
1527 3817 1736 3876 eumqueamator
1751 3831 1793 3868 no·

106 3942 120 3976 ι
148 3938 210 4006 ..ἧς
227 3931 372 4011 μάσημα,
387 3933 434 3989 οὐ,
450 3930 579 4000 &opum
596 3926 644 3999 τγ,
659 3929 768 4003 ,ὗ,,,ῆ,
810 3923 914 4004 πέμψω
929 3923 956 3981 δὲ
1003 3911 1048 3959 luit
1059 3908 1157 3972 quidem
1172 3908 1194 3956 ri
1210 3919 1307 3969 cogere,
1323 3919 1406 3955 rursus
1420 3908 1500 3955 tamen
1513 3909 1619 3956 amatam
1630 3909 1753 3960 remittere
1769 3912 1792 3960 in

151 4022 247 4079 πόλιν
265 4021 301 4085 εἰς
317 4018 488 4083 Συρακούσας
503 3984 713 4097 όθχύπέμεινεν,
727 4006 835 4092 ἧςῆρα.
879 4011 957 4071 Ἐπεὶ
1003 4003 1384 4065 sicilicmnsenonimpetrarit.
1419 4005 1499 4061 Quum
1516 4017 1574 4053 rem
1589 4005 1688 4055 sentiret
1707 4007 1793 4057 callir-

149 4111 185 4169 δ’
201 4108 302 4189 ᾔσθετο
319 4078 471 4186 Καλλιρρόη
492 4106 606 4163 κύουσαν
622 4101 717 4174 ἑαυτὴν
733 4101 758 4170 ἐξ
779 4103 859 4177 ἐμοῦ,
873 4103 957 4158 σῶσαι
1004 4103 1064 4151 rhod
1084 4099 1155 4150 sede
1175 4112 1215 4148 me
1230 4098 1367 4160 gravidam,
1386 4099 1483 4160 cupiens
1497 4111 1593 4149 serrare
1612 4100 1682 4150 vohis
1700 4103 1793 4164 civem,

149 4199 209 4256 *ebs
236 4195 348 4267 πολίτην
370 4198 431 4271 ύμῖν
451 4193 577 4266 θέλουσα,
604 4191 720 4269 ἀνάγκην
743 4189 804 4269 ἔαγε
828 4189 957 4269 Διονυσίῳ
1004 4209 1102 4248 neccsse
1115 4195 1200 4246 habuit
1209 4195 1325 4258 Dionysio
1339 4193 1445 4254 nubere,
1461 4194 1545 4243 salsum
1560 4197 1639 4245 astute
1656 4197 1794 4258 confingens

149 4289 337 4364 Ὑαμηθῆναῑι
355 4282 509 4363 σθθῑύθμένθ
527 4288 574 4341 τοῦ
595 4280 684 4339 τέκνου
699 4278 746 4351 τὴν
761 4276 849 4357 Υθίλνι
870 4275 914 4337 tle
929 4281 958 4336 ἐκ
1004 4302 1071 4365 pueri
1083 4298 1278 4363 generationem,
1293 4298 1321 4346 ut
1333 4296 1382 4359 ipss
1395 4295 1517 4345 rideretur
1531 4310 1560 4346 ει
1574 4296 1691 4359 Dionysio
1705 4310 1793 4348 conoe·

106 4394 112 4411 .
144 4372 306 4434 Διονυσίου
320 4371 379 4450 δόξῃ
389 4371 571 4449 γεγεννηκέναι
581 4370 627 4428 καί
641 4372 727 4447 τραφῇ
740 4366 769 4425 τὸ
779 4366 882 4424 παιδίον
894 4367 958 4423 ἐπα·
1004 4407 1080 4471 pisse,
1093 4407 1118 4455 ct
1136 4405 1214 4453 iulans
1226 4399 1342 4462 condigne
1354 4397 1506 4447 educeretur.
1540 4398 1606 4448 Civis
1624 4398 1688 4447 enim
1708 4399 1792 4459 robis,

152 4458 240 4531 ξίως.
284 4460 416 4542 Τρέρεται
431 4459 481 4540 γθρ
496 4463 570 4534 ὑμῖν,
586 4457 676 4536 ἄνδρες
691 4454 868 4535 Συρακόσιοι,
883 4453 958 4512 πολί-

146 4573 214 4625 της
232 4553 260 4610 ts
282 4550 412 4630 Μιλήτῳ,
431 4547 554 4614 πλούσιος
575 4549 621 4604 ὑπ’
638 4545 728 4624 ἀνδρὸς
752 4540 862 4610 ἐνδοξου.
904 4541 959 4602 Καί

148 4641 219 4721 γὰρ
233 4638 333 4698 ἐκείνου
345 4637 375 4697 τδ
389 4639 462 4715 γένος
474 4635 573 4705 ἔνδοξον
587 4631 754 4706 Ἑλληνικόν,
799 4628 847 4701 Μὴ
864 4629 959 4711 pheri,-
1006 4612 1026 4660 N
1185 4707 1190 4719 Ι
1227 4707 1232 4718 ι

146 4749 260 4805 οωμε,
276 4729 348 4806 αὑτῷ
362 4727 478 4805 μεγάλης
490 4724 677 4805 „tumim
1006 4709 1171 4760 brereditntem
1183 4706 1344 4756 mrrdeamus.

106 4827 108 4841 '
210 4814 257 4874 ll'.
273 4816 365 4874 Ταῦτα
380 4813 427 4890 μὲν
448 4804 491 4871 σύν
506 4812 601 4889 ἔμαθον
618 4809 740 4889 ὕστερον·
754 4807 813 4865 τότε
828 4805 855 4865 δὲ
878 4829 960 4865 κατα·
1037 4812 1101 4860 vlit.
1120 4811 1179 4859 llcec
1188 4820 1231 4870 ego
1244 4808 1325 4870 postea
1336 4804 1408 4854 didici
1420 4803 1492 4852 iacta.
1526 4799 1572 4850 Sed
1586 4801 1613 4848 ut
1627 4798 1793 4862 eoregrediar,

142 4902 242 4984 χθείς
257 4904 285 4962 ἐν
305 4905 343 4960 τῶ
357 4900 461 4981 γωρίῳ,
477 4900 558 4977 μόνην
578 4888 664 4958 ε’ἰκόνα
686 4895 851 4974 Καλλιρρόης
866 4893 960 4953 θεασαί-
1006 4899 1121 4962 appulsus
1144 4897 1169 4946 iu
1187 4909 1244 4959 agro
1271 4895 1346 4952 istoc,
1367 4891 1512 4943 callirrhoes
1531 4888 1633 4951 imagine
1654 4889 1749 4937 tanturn
1769 4889 1793 4939 lu

148 5009 249 5060 μενος
264 4991 290 5048 tv
305 4962 383 5069 ἱερῷ,
397 4991 449 5066 ἐγὼ
463 4987 509 5064 μὲν
525 4979 594 5068 εἶχον
609 4986 708 5064 ἀγαθὰς
718 4983 844 5057 ἐλπίδας,
858 4979 960 5061 νύκτωρ
1006 4987 1096 5050 templo
1108 4985 1213 5049 quodam
1230 4985 1357 5044 conspecte
1364 5016 1371 5042 ,
1385 4979 1503 5031 habebam
1515 4978 1605 5028 bonnm
1617 4988 1694 5040 spem,
1708 4989 1793 5026 verum

144 5074 202 5138 δέ
215 5076 320 5158 Φρύγες
333 5078 445 5157 λῃσταί,
461 5076 672 5156 καταδραμόντες
688 5074 730 5132 ἐπὶ
745 5074 893 5145 θάλασσαν,
907 5069 962 5128 ἐνί·
1006 5078 1111 5127 latrones
1127 5077 1200 5125 noctu
1214 5072 1354 5122 derolsntes
1367 5069 1397 5119 cd
1411 5081 1478 5120 merc
1490 5069 1614 5119 triremem
1624 5065 1792 5126 incenderunt,

148 5182 280 5247 ’τρησαν
295 5166 343 5244 μὲν
358 5166 406 5238 τὴν
426 5164 533 5246 τριήρη,
547 5165 605 5232 τοὺς
620 5164 647 5222 δὲ
667 5162 803 5228 πλείστους
825 5161 959 5240 κατέσρα-
1007 5165 1147 5216 occiderunt
1160 5162 1292 5227 plurimos,
1306 5163 1331 5210 et
1345 5172 1384 5210 ms
1399 5171 1455 5208 curn
1471 5157 1630 5220 Polycharmo
1644 5155 1753 5204 vinctum
1769 5155 1793 5203 in

996 1335 1074 1385 littam
1093 1336 1159 1399 quod
1173 1336 1292 1387 indictum
1313 1351 1344 1388 ex
1360 1338 1413 1403 ipso
1427 1339 1522 1390 silentio
1540 1342 1700 1404 suspicionem
1715 1322 1788 1396 habet

996 1430 1139 1493 pudorem.
1173 1431 1261 1482 Patriae
1278 1431 1339 1481 dicis
1354 1433 1378 1482 et
1397 1435 1551 1497 perentibus,
1566 1450 1671 1499 quomm
1687 1439 1789 1501 equalis

996 1526 1021 1575 in
1034 1526 1106 1576 umbo
1123 1538 1166 1575 ros
1179 1527 1216 1576 cst
1233 1526 1309 1575 animi
1320 1528 1458 1590 propensio.
1493 1529 1587 1579 Primos
1600 1530 1699 1594 quidem
1714 1546 1788 1583 even.

997 1623 1037 1672 tus
1046 1621 1096 1684 jnm
1108 1621 1177 1671 novit
1190 1623 1301 1685 populus.
1336 1624 1437 1687 Nuptias
1452 1624 1517 1674 enlm
1532 1627 1684 1688 ipserestrns
1695 1628 1787 1688 iunxit.

997 1718 1119 1768 hisatium
1138 1717 1164 1766 in
1182 1717 1304 1781 procando
1322 1721 1421 1768 tuorum
1436 1719 1544 1781 insidiis,
1564 1733 1607 1784 per
1620 1736 1681 1785 quas
1699 1724 1789 1787 inrecta

997 1811 1041 1863 tibi
1053 1811 1207 1860 emulatione
1219 1825 1281 1862 rans
1293 1813 1462 1876 intempestive
1477 1827 1579 1865 uxorem
1593 1816 1691 1878 leriisti,
1704 1831 1789 1870 ornnes

997 1905 1125 1965 norimus,
1138 1906 1240 1968 siquod
1255 1906 1296 1956 illu
1311 1910 1408 1957 modun
1419 1907 1502 1958 habits
1517 1908 1641 1972 splendide
1658 1912 1731 1962 luerit
1748 1925 1788 1962 se·

998 2001 1078 2064 pulte,
1094 2005 1172 2065 tuque
1186 2004 1271 2052 unctor
1285 2002 1359 2053 rmdis
1369 2002 1450 2054 dictus
1463 2006 1488 2054 lc
1505 2004 1555 2067 lpse
1574 2005 1787 2072 condemmreris,

998 2096 1101 2160 cupidus
1121 2099 1190 2146 uxori
1212 2098 1347 2159 commori,
1367 2098 1472 2160 populus
1493 2101 1576 2148 nutem
1596 2105 1619 2149 te
1641 2101 1786 2164 absolverit,

998 2191 1062 2241 lacto
1073 2191 1153 2253 agnito
1163 2190 1334 2240 involuntario.
1368 2191 1448 2241 litium
1460 2205 1516 2255 anc
1525 2195 1637 2257 deinceps
1649 2199 1787 2257 consecuta,

999 2286 1083 2352 [uobis
1100 2286 1242 2336 annuntiata
1256 2306 1262 2336 :
1274 2285 1284 2350 ]
1297 2288 1324 2336 ut
1341 2287 1421 2337 Thero
1434 2288 1580 2352 sacrilegos,
1594 2290 1694 2340 elirecto
1714 2294 1788 2343 noctu

999 2386 1169 2443 monumento,
1184 2383 1334 2433 callirrbodn
1346 2384 1470 2433 inventam
1484 2385 1564 2434 rivum
1583 2400 1640 2436 cunr
1656 2389 1749 2439 mundo
1765 2393 1790 2440 et

998 2492 1057 2541 genn
1077 2477 1205 2537 sepulcrali
1220 2476 1319 2541 piratico
1340 2477 1414 2526 celoci
1435 2478 1590 2543 imposuerit,
1607 2484 1632 2531 et
1651 2482 1676 2530 in
1697 2484 1789 2533 Ionium

1000 2574 1143 2635 vendiderit,
1156 2576 1182 2623 tu
1190 2587 1249 2623 vero
1258 2586 1365 2636 egressus
1371 2573 1402 2622 ad
1412 2573 1581 2637 requirendum
1591 2590 1703 2640 uxorem,
1714 2580 1789 2642 ipsam

1000 2672 1098 2736 quidem
1111 2685 1161 2721 uon
1179 2671 1313 2731 inueneris,
1327 2670 1368 2719 sed
1381 2669 1489 2721 incidens
1506 2671 1530 2720 in
1547 2673 1608 2720 muri
1620 2673 1645 2721 in
1663 2675 1790 2736 piraticum

1001 3431 1112 3493 Treiecto
1134 3431 1234 3482 feliciter
1248 3430 1329 3491 loulo,
1347 3431 1485 3493 appulimus
1502 3432 1526 3481 iu
1544 3446 1614 3495 agros
1629 3435 1674 3484 viri
1692 3438 1791 3500 Milesii,

1002 3526 1109 3591 Dionysii
1118 3525 1224 3584 nomine,
1235 3524 1331 3586 opibus,
1344 3525 1369 3573 et
1379 3537 1474 3586 genere,
1485 3528 1510 3574 et
1522 3526 1596 3588 gloria
1606 3529 1718 3580 omnibus
1730 3533 1793 3582 Ioni·

1002 3624 1048 3673 bus
1059 3621 1230 3672 antecellentis.
1264 3620 1310 3669 llic
1321 3621 1373 3669 erat
1383 3620 1436 3682 illc,
1449 3623 1490 3683 qui
1505 3621 1596 3671 talento
1614 3624 1764 3676 Callirrhoen
1779 3642 1793 3678 s

1005 4508 1050 4557 riri
1060 4504 1220 4569 syracusani,
1234 4501 1308 4552 Mileti
1320 4499 1403 4559 dives,
1422 4500 1484 4547 allus
1494 4511 1508 4547 a
1518 4498 1570 4545 viro
1584 4497 1685 4558 illustri,
1698 4500 1792 4550 crescit.

1028 4623 1067 4658 arn
1083 4609 1104 4658 ei
1120 4620 1216 4670 quoquc
1230 4618 1305 4668 genus
1316 4603 1410 4652 illustre
1423 4603 1546 4650 Graecum.
1579 4601 1614 4649 Ne
1635 4611 1746 4660 magnam
1758 4599 1793 4651 illi
