3726 5692
152 325 189 375 ea
347 292 348 296 '
815 267 993 364 nonnus
1014 301 1115 360 nanu
1187 356 1193 367 ,

150 443 297 522 λογίζονται
308 437 445 517 ουμοορδν
460 442 493 517 τῇ
505 441 550 495 τοῦ
566 439 648 494 ποιεῖν
664 435 756 514 ἡδονῇ.
799 431 939 502 Ἐδείπνη-
984 439 1101 489 sentiunt.
1133 433 1702 497 Tereusiurialimensoeeccumbensepuletur;
1716 446 1770 482 mu·

151 556 195 591 σεν
216 528 346 611 θΤηρῑθτ
370 505 471 586 δεῖπνον
493 523 633 605 Ἐρῑνῦων·
676 524 711 582 Αί
733 523 757 578 δ’
779 524 805 580 ἓν
820 523 892 600 κακῷ
905 519 939 578 τί
984 535 1089 586 lieresin
1103 534 1176 585 corbe
1188 533 1361 596 netireliquias
1371 532 1475 582 ridentes
1484 531 1573 594 pariter
1586 543 1615 580 ec
1624 531 1773 594 trepidantes

152 618 264 698 λείψανα
288 622 334 676 τοῦ
355 614 460 673 παιδίου
474 612 759 692 παθέθῑθθθῖῑθῶσαῑ
777 607 861 690 p66rp.
904 607 939 669 Ὁ
984 635 1117 697 proterunt.
1150 636 1240 687 Tereus
1254 631 1321 682 rides
1334 631 1385 681 natl
1408 630 1520 693 reliquias
1537 633 1563 681 et
1581 632 1699 693 lacrymas
1714 643 1772 693 pro·

151 705 254 786 quebe
275 708 323 786 ὁρᾷ
345 701 379 762 τί
397 702 508 783 λείψανα
532 705 577 757 τοῦ
601 698 705 756 παιδίου
724 697 770 756 καί
786 701 873 755 πενθεῖ
892 695 939 768 τὴν
984 729 1080 789 fundit,
1092 730 1117 779 et
1131 730 1217 778 natum
1229 741 1243 778 a
1257 741 1283 778 se
1294 728 1449 789 absumptum
1460 725 1610 789 intelligens,
1626 725 1707 775 fluore
1720 738 1773 788 per·

15 818 24 897 ⁵,
123 795 265 876 MWV’
281 793 326 852 καί
345 790 483 869 {ww
497 786 533 847 ὢν
548 793 594 846 τοῦ
611 787 715 846 δείπνου
729 784 831 866 MV
845 784 941 863 μυρί’
985 823 1164 885 citus,edusto
1176 823 1254 887 gladio
1269 823 1293 872 in
1308 824 1421 872 mulieres
1434 821 1515 871 irruit.
1548 821 1642 872 stilles
1661 821 1703 882 (in
1717 832 1775 871 ares

153 907 201 950 σας
215 882 338 960 μαίνεται
359 880 405 939 καὶ
419 888 519 937 σπᾶται
533 877 562 934 τδ
582 875 654 957 ξίφος
671 875 717 934 καί
730 873 773 932 έπί
787 874 834 940 τθις
854 881 941 977 qusai·
986 921 1216 983 mmmmm)
1231 920 1406 982 mmm:
1419 918 1565 982 quibuscum
1575 921 1665 969 Tereus
1676 932 1776 983 quoque

153 995 201 1037 m
215 968 319 1051 ‘W’
334 969 364 1035 ἃς
379 965 589 1048 δέχεταιδάήρ’
634 963 689 1023 Καὶ
703 965 717 1020 ὁ
733 960 837 1041 Τηρεὺς
852 964 943 1028 αὔτως
987 1017 1095 1066 mutatus
1114 1017 1140 1065 tn
1162 1014 1287 1065 volucrem
1309 1013 1419 1063 sublatus
1435 1015 1479 1064 est.
1521 1013 1589 1064 Facti
1610 1017 1691 1064 autern
1710 1014 1777 1064 iliius

153 1058 358 1127 συναναύαίνει,
371 1056 416 1116 καί
428 1055 497 1135 όρνις
507 1053 622 1132 γίνεται·
640 1052 685 1110 καί
699 1056 822 1130 τηροῦσιν
839 1048 877 1108 έτι
895 1055 940 1108 τοῦ

154 1147 249 1213 πάθους
263 1145 310 1216 τήν
332 1142 431 1203 εἰκόνα.
476 1139 576 1218 Φεύγει
598 1139 646 1217 μὲν
661 1138 759 1211 ἀηδὼν,
776 1136 863 1196 διῶκει
884 1138 943 1195 δ’ὁ
987 1112 1114 1174 imm
1129 1125 1213 1220 οἵω
1233 1113 1340 1163 mm*
1373 1111 1484 1216 Lufcinh
1504 1111 1570 1218 enirn
1588 1111 1662 1175 ‘ugit’
1684 1114 1777 1162 Tem

117 1234 269 1314 ιυΤηρεύς.
313 1231 407 1297 Οθτως
430 1228 541 1312 ἐφύλαξε
568 1227 598 1285 τὸ
622 1235 696 1303 μῖσος
721 1224 766 1285 καὶ
788 1225 868 1307 μέχρι
891 1227 943 1282 τῶ,
989 1219 1046 1256 vero
1060 1207 1203 1269 insequutus,
1219 1209 1247 1258 ut
1266 1208 1492 1271 postmutatronem
1506 1206 1590 1256 odium
1611 1220 1709 1271 qnoque
1722 1221 1775 1259 ser·

154 1286 269 1403 πτὲρῶνι
989 1311 1072 1358 vatum
1086 1309 1206 1358 videatur.

196 1412 248 1487 G.
268 1409 337 1470 Τότε
351 1407 398 1483 μὲν
412 1398 456 1466 οῦν
467 1405 549 1473 ούτως
563 1403 718 1486 ἐξεφύγομεν
732 1400 779 1474 τήν
791 1400 943 1473 ἐπιόουλήν·
1021 1411 1063 1459 Vl.
1079 1410 1160 1472 Atque
1182 1411 1229 1459 lloc
1246 1409 1345 1472 quidem
1358 1412 1429 1472 pecto
1442 1411 1502 1459 tunc
1522 1409 1620 1460 insidias
1630 1411 1777 1473 vitavimus,

156 1499 336 1578 έκερδήσαμεν
350 1497 372 1555 δ’
387 1496 459 1554 οὐδέν
475 1492 491 1566 ἢ
506 1495 569 1572 μίαν
583 1493 698 1574 ἡμέραν.
741 1493 784 1573 Τῇ
800 1490 851 1570 γάρ
866 1494 942 1549 ders·
990 1498 1194 1560 nillilquidquam
1212 1498 1491 1561 lucrati,prmterquam
1501 1497 1603 1561 quodln
1622 1511 1663 1548 eas
1681 1499 1723 1549 ilio
1737 1499 1779 1550 die

157 1586 218 1666 ραία
234 1591 322 1665 παρῆν
342 1585 450 1643 έοιθενδ
471 1583 602 1662 Χαιρέας·
627 1580 673 1640 καί
687 1583 765 1658 ἡμεῖς
787 1578 946 1645 αἰδεσθέντες
991 1599 1038 1635 non
1066 1586 1203 1637 incidimus.
1247 1585 1324 1636 assuit
1344 1586 1410 1635 enim
1429 1586 1543 1648 postridie
1570 1599 1640 1637 mane
1665 1587 1778 1638 chaerea.

157 1647 299 1753 ἀντιλέγειν
313 1677 361 1733 ούκ
380 1673 499 1752 εἴχομεν·
515 1670 654 1737 ἐπιθέντες
667 1662 712 1728 οῦν
726 1669 855 1751 σκάφοιμ,
868 1668 945 1739 ήλθο·
990 1677 1087 1737 Nosque
1098 1674 1244 1726 verecundie
1256 1675 1359 1738 permoti
1371 1688 1481 1725 recusare
1492 1676 1596 1739 amplius
1609 1676 1723 1727 ausinora
1736 1690 1780 1727 su·

72 1742 74 1759 ί
159 1767 256 1840 μενεῖς
270 1762 317 1834 τήν
331 1762 436 1842 Φάρον.
480 1761 515 1822 ‘0
530 1760 557 1819 δὲ
575 1759 709 1824 Μενέλαος
730 1757 830 1835 ἔμεινεν
847 1759 944 1830 αὐτοῦ,
991 1777 1054 1814 mus.
1087 1763 1250 1826 Quamobrem
1260 1776 1459 1815 conscensanare
1469 1765 1499 1814 ed
1510 1764 1616 1815 Pharum
1626 1765 1780 1828 devenimus,

157 1850 242 1924 φήσας
253 1851 303 1929 οὐχ
314 1852 393 1927 ὑγιῶς
405 1848 486 1929 ἔχειν.
530 1852 641 1929 Πρῶτον
657 1847 704 1925 μὲν
712 1839 756 1907 οῦν
767 1852 839 1925 ἡμᾶς
853 1849 946 1908 δΧαι-
991 1852 1113 1903 Menelaus
1134 1866 1212 1916 quum
1230 1866 1257 1903 se
1278 1866 1327 1902 non
1344 1854 1425 1903 valere
1443 1853 1548 1916 diceret,
1566 1854 1632 1904 domi
1652 1857 1780 1908 rernanstt.

159 1913 219 2020 ρέας
230 1939 274 1997 ἐπὶ
289 1937 333 1996 τθν
350 1937 451 2018 πύργον
462 1937 520 2016 ἄγει
538 1937 584 1997 καί
596 1937 710 1997 δείκνυσι
720 1936 767 2010 τήν
779 1935 946 2006 κατασκευὴν
992 1943 1093 1992 clreerea
1105 1943 1177 2004 igitur
1190 1954 1235 1991 nos
1248 1944 1352 2005 primum
1363 1942 1388 1991 in
1407 1944 1500 1992 turrem
1515 1941 1586 1994 duxlt
1598 1963 1604 1995 ι
1618 1944 1783 1997 substructio·

157 2027 274 2086 κάτωθεν
288 2028 438 2101 θαυμασίαν
448 2027 507 2084 τινὰ
519 2026 564 2085 καί
576 2026 738 2104 παράλογον.
782 2017 907 2105 Ὀροςήν
920 2026 947 2081 έν
992 2044 1098 2093 nemque
1122 2030 1212 2091 imam,
1239 2030 1325 2080 miram
1344 2030 1411 2081 illam
1429 2031 1527 2094 quidem
1549 2035 1574 2082 et
1599 2033 1782 2096 quodammodo

117 2131 144 2173 ει·
158 2117 227 2195 μέσῃ
241 2119 273 2196 τῇ
287 2113 408 2192 θαλάσσῃ
428 2113 558 2191 κείμενον,
581 2118 664 2195 ψαῦον
688 2115 774 2172 αὐτῶν
788 2115 840 2170 τῶν
853 2115 946 2192 νεφῶν.
992 2118 1300 2181 incredibilem,ostendit.
1333 2122 1403 2170 lions
1421 2121 1473 2169 eret
1487 2120 1567 2171 rnedio
1581 2122 1606 2171 in
1626 2123 1687 2172 mari
1704 2123 1782 2185 silus,

159 2203 284 2283 Ὑπέρρει
298 2205 321 2260 δ’
335 2201 405 2282 ὕδωρ
420 2201 535 2260 κάτωθεν
551 2203 630 2261 αὐτοῦ
645 2206 691 2260 τοῦ
705 2200 867 2277 ποιήματος·
882 2200 911 2259 τδ
924 2203 946 2259 δ’
993 2209 1070 2257 nubes
1084 2221 1144 2270 pene
1158 2209 1316 2281 contingens:
1333 2208 1403 2270 cuius
1417 2207 1462 2258 sub
1474 2208 1596 2260 radicibus
1610 2223 1673 2274 aque
1685 2213 1783 2276 συνιερέ-

158 2290 203 2351 ἐπί
226 2290 361 2361 θαλάσσης
377 2288 493 2360 εἱστήκει
512 2289 688 2369 κρεμάμενον.
733 2288 780 2356 Ἐς
800 2287 828 2347 δέ
843 2289 890 2361 τήν
903 2295 948 2348 τοῦ
994 2297 1112 2357 ciebatur,
1133 2296 1297 2358 (edificium)
1316 2309 1459 2360 suspensum
1483 2298 1546 2347 meri
1568 2298 1717 2350 irnrnlneisat.
1752 2304 1784 2351 ln

162 2379 236 2458 όρους
257 2379 399 2458 ἀκρόπολιν
422 2382 437 2437 δ
460 2382 512 2438 τῶν
537 2383 602 2437 νεῶν
629 2377 791 2459 κυύερνήτης
812 2376 948 2436 ἀνέτελλεν
994 2386 1054 2434 turri
1066 2397 1163 2434 summu
1173 2385 1197 2432 in
1208 2388 1291 2435 monte
1310 2385 1607 2449 aedllicataigniseluoet,
1624 2389 1723 2439 narium
1735 2404 1784 2453 gu·

162 2467 240 2534 άλλσς
254 2465 367 2545 (ἥλιος
381 2465 399 2540 ).
416 2465 494 2526 Meris
513 2468 540 2525 δὲ
555 2473 639 2526 ταῦτα
652 2471 741 2543 ἡγεῖτο
759 2469 823 2543 ἡμῖν
838 2466 881 2524 ἐπί
902 2465 948 2536 τήν
995 2473 1187 2536 bernatorqunsi
1205 2473 1322 2524 soialter.
1355 2477 1415 2524 llaec
1425 2487 1503 2536 quum
1515 2475 1675 2538 vidissemus,
1697 2478 1722 2526 in
1734 2479 1784 2528 do-

37 2612 40 2621 ,
121 2571 146 2610 ει
160 2553 254 2616 οἰκίαν.
298 2545 355 2614 Ἦν
369 2554 397 2612 δὲ
412 2558 454 2614 ἐπ’
468 2554 568 2635 ἐσχάτῃ
582 2559 615 2634 τῇ
630 2554 702 2635 νήσῳ
715 2553 823 2630 κειμένη
839 2556 883 2612 ἐπ’
896 2559 944 2612 αὐ·
996 2576 1074 2624 ιιιυια,
1088 2575 1144 2625 quae
1158 2562 1182 2610 in
1197 2562 1483 2626 extremeinsulaeparte
1497 2563 1527 2612 ad
1542 2577 1610 2614 mare
1627 2564 1705 2628 posite
1715 2568 1784 2629 erat,

160 2646 192 2723 τῇ
204 2647 237 2724 τῇ
247 2642 378 2723 θαλάσσῃ.
995 2650 1127 2700 introducti
1142 2650 1249 2700 luimus:

200 2732 240 2792 Z'.
264 2730 397 2813 Ἐσπέρας
424 2721 468 2790 σύν
492 2730 650 2810 γενομένης,
676 2729 847 2812 ὑπεξέρχεται
869 2729 916 2808 μὲν
937 2735 951 2788 δ
1027 2742 1081 2790 Vll,
1094 2739 1141 2788 Vix
1156 2739 1370 2803 advesperasceret,
1387 2753 1464 2804 quum
1475 2741 1590 2804 Chaerea,
1607 2744 1717 2793 ventrem
1728 2756 1788 2807 perr·

161 2819 294 2900 Χαιρέας,
308 2820 440 2901 πρόφασιν
451 2820 630 2899 ποιησάμενος
643 2819 691 2892 τήν
702 2819 831 2898 γαστέρα.
874 2820 950 2879 Μετὰ
996 2827 1109 2890 geresibl
1123 2830 1455 2890 opusessecausatns,exit.
1489 2832 1568 2893 Atque
1581 2830 1645 2880 lisud
1658 2832 1691 2882 ita
1705 2834 1787 2884 multo

162 2907 254 2986 μικρὸν
264 2906 292 2966 δὲ
306 2907 356 2987 βοή
371 2933 409 2975 τις
420 2907 540 2990 ἐξαίφνης
549 2910 610 2988 περί
621 2907 668 2977 τδις
678 2908 756 2989 θύρας
765 2898 808 2980 ήν,
818 2905 864 2967 καί
877 2907 950 2972 εὐθὺς
997 2921 1065 2980 post,
1086 2917 1179 2967 cismor
1191 2916 1290 2981 quidam
1311 2919 1456 2980 improvisus
1470 2921 1527 2969 ante
1541 2920 1604 2969 iores
1624 2921 1723 2972 auditus
1732 2924 1785 2985 ee,

121 3014 148 3055 so
162 2994 340 3076 εἰστρέχουσιν
353 2997 487 3075 ἄνθρωποι
499 2997 611 3075 μεγάλοι
623 2996 668 3055 καί
684 2994 793 3070 πολλοί,
816 2995 951 3076 μαχαίρας
997 3007 1146 3070 repenteque
1155 3006 1201 3056 viri
1218 3007 1288 3056 multi
1299 3020 1329 3056 ac
1348 3008 1446 3070 magni,
1464 3008 1579 3059 districtis
1593 3010 1677 3072 gladiis
1694 3012 1787 3061 irrum-

163 3081 337 3160 ἐσπασμένοι,
347 3083 393 3142 καί
408 3083 452 3142 ἐπί
463 3081 510 3154 τήν
521 3083 602 3165 κόρην
612 3084 707 3151 πάντες
716 3082 855 3166 ὥρμησαν.
878 3083 951 3162 Ἐγὼ
998 3098 1097 3159 pentes,
1112 3095 1136 3145 in
1150 3095 1257 3157 puellam
1279 3107 1326 3144 una
1338 3108 1423 3146 omnes
1441 3096 1558 3159 impeturn
1580 3098 1697 3149 iecerunt.
1732 3102 1788 3164 lpse

163 3173 185 3230 δ’
201 3177 235 3237 ὡς
250 3162 318 3230 εἶδον
330 3172 475 3253 φερομένην
489 3196 539 3249 μου
552 3174 600 3245 τὴν
620 3174 764 3256 φιλτάτην,
779 3176 825 3233 οὐκ
840 3172 951 3250 ἐνεγκὼν
997 3188 1078 3235 autem
1090 3185 1227 3247 Leucippen
1237 3197 1317 3234 meam
1327 3184 1415 3234 abduci
1424 3185 1523 3247 videns,
1536 3187 1666 3251 animoque
1682 3188 1788 3252 iniquis·

162 3258 237 3336 ἵεμαι
251 3260 293 3319 δεδι
308 3265 361 3320 τῶν
374 3260 462 3341 ξιφῶν·
481 3261 528 3319 καί
540 3285 573 3338 με
584 3262 658 3321 παίει
670 3287 709 3329 τις
723 3262 793 3321 κατὰ
806 3268 854 3321 τοῦ
867 3267 951 3343 μηροῦ
997 3274 1059 3323 simo
1071 3273 1095 3322 id
1109 3274 1201 3332 ferma,
1215 3271 1306 3322 medios
1315 3274 1339 3321 in
1351 3273 1441 3335 gledios
1449 3287 1489 3324 me
1501 3275 1605 3337 conjeci,
1615 3278 1689 3340 atque
1700 3276 1790 3343 aliquis

164 3350 285 3429 μαχαίρᾳ
311 3349 356 3408 καί
379 3348 499 3410 ὤκλασα.
543 3350 598 3410 Καὶ
621 3349 734 3429 ἐγὼμὲν
749 3351 780 3421 δή
795 3352 952 3410 καταπεσὼν
999 3361 1054 3411 ierit
1073 3361 1161 3421 lemur,
1182 3362 1207 3410 et
1224 3362 1325 3410 curvato
1348 3361 1437 3424 poplite
1458 3362 1567 3423 concidi,
1586 3366 1701 3427 sanquine
1719 3369 1789 3418 totus

125 3459 151 3498 ss
163 3437 292 3516 ἐρρεόμην
303 3435 415 3513 αἵματι·
429 3441 453 3496 οἱ
465 3437 489 3495 δ’
504 3439 635 3514 ἐνθέμενοι
642 3442 680 3496 τῶ
693 3439 788 3520 σκάφει
801 3438 849 3510 τήν
864 3439 952 3518 κόρην,
999 3462 1154 3512 conspersus,
1167 3449 1250 3512 illique
1263 3450 1353 3500 interea
1368 3451 1447 3513 puelia
1463 3452 1581 3503 nariculre
1592 3453 1703 3516 imposita
1717 3455 1788 3507 abie-

165 3524 283 3604 ἔφευγον.
328 3524 450 3604 Θορύθου
466 3525 493 3584 δὲ
506 3525 552 3583 καί
570 3530 685 3605 βοῆςοα
700 3526 745 3585 ἐπί
758 3529 867 3607 λῃσταῖς
881 3551 953 3605 γενο-
999 3541 1064 3586 τιιιιῑ.
1097 3541 1209 3588 ceterum
1221 3539 1327 3589 clamore
1339 3551 1508 3602 concursuque
1523 3542 1602 3604 iacto,
1615 3545 1643 3592 ut
1658 3542 1788 3606 inpirata-

166 3613 257 3688 μένης,
277 3614 291 3669 δ
314 3612 459 3693 στρατηγὸς
474 3618 521 3684 τῆς
537 3615 619 3685 νήσου
642 3619 741 3697 παρῆν.
784 3606 839 3678 Ἦν
860 3618 888 3676 δέ
909 3640 954 3694 μοι
998 3640 1054 3676 rum
1070 3626 1178 3677 adventu
1198 3626 1250 3677 fieri
1272 3629 1414 3691 consuerit,
1428 3628 1514 3678 insule
1529 3632 1657 3693 praelectus
1670 3632 1787 3685 accurrit.

166 3699 293 3779 γνώριμος
308 3702 338 3758 ἐκ
351 3707 397 3759 τοῦ
409 3705 588 3782 στρατοπέδου
600 3704 748 3783 γενόμενος.
791 3706 907 3767 Δεινινύω
921 3707 952 3779 δὴ
999 3718 1056 3765 llrat
1066 3715 1085 3764 is
1099 3716 1171 3777 rnilri,
1182 3716 1249 3779 quod
1261 3730 1310 3766 uns
1326 3717 1360 3766 lui
1374 3730 1431 3767 cum
1446 3717 1487 3767 iilo
1504 3718 1529 3767 in
1543 3720 1642 3780 castris,
1655 3733 1704 3770 non
1720 3721 1787 3784 igno

166 3788 195 3846 εδ
218 3793 324 3867 τραῦμα
342 3789 388 3846 καί
411 3788 505 3867 δέομαι
521 3791 611 3861 διῶξαι
629 3791 688 3881 τοῦς
702 3794 811 3873 λῃστάς.
854 3796 954 3876 Ὥρμει
999 3815 1046 3860 tus.
1079 3811 1179 3860 ostendi
1194 3813 1275 3874 itaque
1290 3811 1395 3873 vulnus,
1413 3812 1585 3877 predonesque
1600 3817 1627 3863 ut
1647 3814 1788 3878 insequere-

126 3894 153 3935 ⁴⁰
170 3876 197 3934 δὲ
207 3874 294 3935 πολλὰ
307 3878 387 3936 πλοῖα
400 3880 426 3935 ἓν
438 3884 470 3960 τῇ
481 3878 576 3958 πόδα,
591 3881 689 3941 τούτων
700 3882 839 3952 ἕνίὲπῑθθς
853 3889 955 3964 ὗστρα·
1000 3909 1048 3965 tur,
1059 3906 1194 3956 obtestatus
1203 3920 1266 3955 sum.
1300 3907 1343 3957 lile
1356 3908 1478 3970 navigium
1492 3922 1523 3958 ex
1540 3909 1582 3971 lis,
1594 3924 1650 3973 qum
1664 3911 1745 3961 multa
1762 3912 1789 3962 in

167 3965 258 4041 ῖθλὸίν
275 3964 380 4024 ἐδίωκεν
401 3965 458 4043 ἅμα
480 3971 513 4045 τῇ
533 3967 654 4051 παθούσῃ
676 3981 785 4054 φρουρᾷ·
829 3972 912 4049 Κάίὼ
927 3972 954 4030 δὲ
998 4000 1106 4051 civitatis
1120 4003 1191 4063 portu
1205 4001 1332 4052 stationem
1346 4001 1479 4063 hebebant,
1495 4004 1739 4065 conscendens‚cum
1749 4018 1789 4067 ea,

168 4051 311 4125 συνανέόην
338 4055 455 4135 φοράδην
478 4059 621 4134 κομισθείς.
663 4059 713 4127 Ὦς
728 4063 754 4120 δ’
784 4052 800 4120 ἶ

219 4142 223 4159 ι
334 4147 350 4160 Ν
776 4064 842 4122 ⁵3⁰⁹
867 4064 890 4119 οἱ
904 4064 952 4141 λθ·
999 4109 1054 4157 quae
1073 4098 1126 4144 turn
1147 4094 1244 4155 adeat,
1260 4110 1350 4158 manu,
1372 4097 1489 4160 fugientes
1509 4097 1630 4149 insecutus
1643 4101 1688 4149 est.
1722 4100 1789 4158 Quin

168 4164 228 4197 σται
242 4164 404 4221 προσιοῦσαν
418 4144 469 4216 ήδη
485 4144 532 4217 τήν
548 4153 611 4205 ναῦν
627 4149 662 4214 είς
675 4150 837 4231 ναυμαχίαν,
851 4152 954 4210 ἱστᾶσιν

169 4227 212 4286 ἐπί
227 4232 271 4287 τοῦ
285 4231 510 4310 καταστρώματος
525 4235 611 4294 όπίσοι
622 4235 661 4294 τὼ
674 4242 746 4317 χεῖρε
759 4239 898 4314 δεδεμένην
907 4241 954 4312 τήν

129 4335 155 4374 ιο
170 4315 265 4396 κόρην·
277 4317 323 4375 καί
333 4343 371 4385 τις
384 4322 468 4379 αύτῶν
486 4322 590 4403 μεγάλῃ
605 4329 737 4406 τῇφοινῇ,
750 4325 819 4386 ’leel
834 4327 863 4385 τὸ
878 4318 955 4387 δθλον

169 4406 253 4482 ὑμῶν,
277 4404 373 4477 εἰπὼν,
391 4410 533 4487 ἀποτέμνει
556 4414 636 4483 αὐτῆς
656 4412 703 4485 τήν
727 4417 844 4497 κεφαλήν
859 4419 905 4477 καί
926 4419 955 4477 τδ

167 4492 259 4551 λοιπόν
272 4497 351 4573 σῶμα
366 4496 429 4557 ὠθεῖ
440 4500 509 4557 κατὰ
524 4505 570 4572 τῆς
585 4501 728 4575 θαλάσσης.
773 4505 845 4583 Ἐγὼ
860 4507 901 4578 δὲ,
920 4511 955 4575 ὡς
1257 4571 1262 4582 ,
1398 4572 1430 4584 ,,
1578 4573 1609 4585 ,,
1772 4574 1779 4586 ,

170 4571 250 4653 εγχον,
273 4581 417 4663 ἀνέκραγον
438 4586 550 4664 οἰμώξας
570 4589 615 4647 καὶ
629 4589 743 4671 ὥρμησα
758 4594 871 4654 ἑωυτὸν
887 4597 954 4653 ἐπα.
1001 4570 1793 4635 clemens:supremerestra,rllreeputabse1drretcadarene

170 4672 266 4747 φεῖναι.
311 4670 358 4738 Ὦς
368 4673 390 4730 δ’
401 4676 424 4731 οἱ
432 4673 559 4753 παρόντες
569 4676 710 4758 κατέσχον,
721 4650 830 4757 ἐδεόμην
839 4685 955 4761 ἕπισγεῐν
1001 4664 1120 4727 'enquum
1133 4665 1158 4715 ¹¹¹
1171 4665 1342 4727 m⁸fedei⁶⁰¹t·
1377 4667 1447 4726 ΨΜ
1460 4668 1612 4730 ⁰⁰⁰⁵pi⁰⁸¹¹¹⁸
1625 4669 1689 4732 Μ’
1708 4669 1791 4735 '⁸⁰¹5'

128 4774 157 4813 ω
169 4779 197 4814 τε
212 4756 259 4827 τὴν
274 4763 349 4831 ,αῃχ
365 4760 410 4818 m(
429 4785 486 4819 ,M
501 4762 610 4822 ἁλέσθαι
627 4766 696 4825 κατὰ
712 4773 758 4840 τῆς
772 4750 918 4848 ῃαχάπης;
934 4772 958 4830 ,γ
1001 4773 1083 4821 mens,
1098 4760 1230 4811 exclamari
1247 4765 1292 4813 :et
1308 4767 1362 4825 post
1381 4765 1441 4814 illud
1458 4765 1482 4814 in
1502 4779 1569 4816 mare
1589 4768 1738 4830 precipitem
1752 4782 1795 4820 me

170 4867 226 4910 rm<
250 4842 300 4903 κᾶν
324 4846 389 4926 πρὸς
414 4848 500 4929 ταφὴν
527 4850 635 4927 mom,
651 4859 695 4924 ,ἧς
717 4850 796 4935 ,ὥρης
813 4859 844 4918 τὸ
866 4863 955 4936 σῶμα,
1001 4854 1143 4904 darevolui.
1176 4859 1353 4920 verumquurn
1367 4859 1589 4923 me,quiederent,
1603 4862 1793 4926 continuissent,

170 4929 226 4990 Καὶ
242 4933 255 4988 δ
271 4932 415 5010 στρατηγὸς
439 4936 556 4995 πείθεται
576 4939 621 4997 καί
644 4940 733 5014 ἵστησι
757 4943 806 5016 τήν
818 4952 894 5004 ναῦν·
911 4947 956 5006 χαὶ
1001 4962 1087 4998 nerem
1102 4951 1130 4999 ut
1144 4949 1295 5009 inhiberent,
1306 4966 1437 5017 eorumque
1450 4955 1537 5017 aliquis
1552 4956 1575 5005 in
1588 4970 1655 5007 rnare
1667 4957 1793 5019 desiliret,

172 5016 216 5075 δύο
239 5021 291 5076 τῶν
312 5022 413 5077 ναυτῶν
435 5024 612 5094 ἀκοντίζουσιν
627 5032 733 5099 ἑαυτούς
753 5032 802 5101 ἔξω
816 5039 863 5104 τῆς
879 5034 955 5109 νεὼς,
1002 5043 1098 5105 rogeri,
1117 5044 1137 5092 si
1162 5058 1211 5107 quo
1227 5048 1298 5108 pacto
1314 5049 1402 5110 puellm
1417 5061 1505 5111 corpus
1520 5050 1669 5100 inomandum
1685 5054 1796 5116 recipere

171 5105 216 5164 καί
229 5105 397 5187 ἁρπάσαντες
409 5109 527 5189 τδσῶμοι
544 5117 725 5196 ἀναφέρουσιν.
769 5120 816 5182 Ἐν
830 5123 914 5203 τούτῳ
929 5124 956 5183 δὲ
1003 5151 1107 5198 possem.
1142 5142 1221 5202 etque
1243 5141 1372 5204 praelectus
1400 5145 1495 5207 paruit,
1518 5147 1667 5212 remigesque
1682 5147 1795 5201 inhibes

1000 4191 1050 4252 ipse
1064 4202 1176 4252 quoque,
1188 4203 1245 4239 curn
1258 4190 1286 4240 iis
1297 4191 1407 4253 navigavi
1422 4193 1446 4242 in
1460 4205 1548 4243 nerem
1566 4192 1667 4244 deletus.
1702 4193 1791 4245 Piratte

999 4284 1146 4347 simulatque
1168 4298 1212 4334 nos
1225 4286 1444 4349 appropinquantes
1454 4287 1522 4348 iarn,
1538 4289 1562 4337 et
1584 4288 1614 4337 ad
1632 4287 1790 4352 pugnandum

1000 4383 1096 4442 paratos
1111 4393 1272 4443 conspexere,
1286 4382 1406 4444 puellam,
1419 4382 1530 4432 menibus
1546 4383 1576 4432 ed
1592 4387 1685 4447 tergum
1706 4386 1791 4436 rerin-

1000 4475 1058 4535 ctis,
1073 4475 1098 4523 in
1113 4474 1221 4525 tabulato
1237 4477 1388 4538 statuerunt;
1407 4490 1521 4541 unusque
1532 4492 1563 4527 ex
1582 4479 1611 4528 iis
1630 4492 1715 4541 magne
1730 4493 1793 4533 roes
