3726 5692
162 346 217 397 sto
322 343 326 349 ’

159 471 275 544 ἡγοῦμαι
290 460 383 529 αὐτούς
405 458 578 541 ἀφορμήσειν.
620 449 680 538 1Ἆρ’
701 450 762 536 οῦν,
780 458 905 539 ἐφη,καί
926 465 943 531 ἡ

158 556 223 634 κόρη
249 555 335 618 αὐτοῖς
356 555 373 621 ἡ
399 549 473 626 παρά
488 570 528 607 σοι
550 546 718 625 καταγομένη
734 548 945 626 συμπλεύσεται,

86 694 91 710 ,
158 640 270 714 Ἄδηλον
288 640 353 717 μὲν,
377 629 468 710 εἶπον,
489 636 557 695 ἀλλά
572 637 598 695 τί
618 626 863 717 πολυπραγμονεῖς;
880 636 945 698 Ὅτι

159 732 253 801 αὐτῆς,
275 728 341 806 ἔφη,
357 729 408 805 ἐρῶ
423 727 556 802 μανικῶς,
572 722 642 792 άπαξ
659 724 832 802 θεασάμενος·
850 727 945 807 οὐγὰρ

132 810 216 877 ociis
235 814 392 894 προστυχὼν
419 812 528 892 τοιούτῳ
554 811 661 883 κάλλει,
682 810 784 879 πολλδς
797 812 843 871 καί
862 819 945 873 ταῦτα

158 907 203 966 καί
225 908 271 963 οῦκ
287 903 396 984 ἐξώρους
410 902 596 980 αἰχμαλώτους
609 900 724 981 ᾑρηκώς.
766 900 946 982 Ὑπαγόμενος

158 986 203 1054 οῦν
216 994 294 1052 αὐτὸν
315 989 385 1050 ὥστε
399 999 451 1048 πᾶν
467 988 614 1056 ἀναπτύξαι
627 989 657 1047 τὸ
670 989 818 1068 βούλευμα·
829 991 865 1051 Τί
888 982 945 1062 οῦν,

158 1084 236 1162 έφην,
248 1083 286 1139 δεῖ
298 1103 328 1139 σε
336 1077 533 1156 συμπλέκεσθαι
545 1079 598 1144 τοῖς
611 1076 728 1146 Φοίνιξιν
741 1077 809 1137 silit
818 1076 855 1155 μὴ
870 1081 946 1136 εἰναι·

159 1169 226 1248 μωτί
243 1169 289 1228 καί
300 1167 351 1248 πρδ
365 1171 412 1240 τῆς
427 1166 557 1237 θαλάττης
571 1166 654 1244 ἔχειν,
666 1167 695 1224 ἐκ
708 1170 755 1236 τῆς
767 1164 849 1232 οἰκίας
860 1165 946 1246 ἁρπά-

122 1273 146 1313 ιο
159 1282 242 1319 σαντα
261 1262 308 1329 τῆς
321 1259 399 1332 ἐμῆς
419 1254 539 1323 Σώζεται
551 1254 597 1311 καί
610 1252 684 1332 παρὰ
695 1256 821 1333 λῃσταῖς,
838 1253 904 1334 ἔφη,
919 1278 944 1313 τι

159 1346 274 1412 συνειδὸς
295 1342 340 1402 καί
352 1343 417 1423 πρδς
427 1341 486 1409 τοὺς
496 1342 641 1423 γνωρίμους
653 1343 848 1425 φιλάνθρωπον.
892 1344 946 1403 Σοῦ

158 1433 181 1491 τ’
195 1425 240 1491 οῦν
256 1432 392 1512 φείδομαι,
405 1429 443 1507 μὴ
453 1429 618 1509 πραγμάτων
633 1431 784 1512 πειραθείης
793 1429 851 1498 τοὺς
862 1429 946 1500 ξένους

159 1519 369 1596 ἐπιζητούμενος.
414 1516 487 1595 Ἐγὼ
498 1517 525 1577 δέ
537 1518 569 1577 δι’
579 1517 632 1586 ίνδς
642 1518 718 1599 ἐργου
729 1519 774 1577 δύο
788 1518 821 1577 τά
833 1518 946 1596 μέγιστα

158 1609 375 1688 προσκτήσασθαι
388 1606 531 1686 βούλομαι,
543 1605 586 1666 τόν
603 1630 631 1666 τε
647 1608 760 1667 πλοῦτον
772 1612 818 1678 τῆς
826 1605 889 1675 νεὼς
900 1607 946 1666 καί

122 1713 144 1751 ιο
159 1699 202 1755 τὸν
216 1696 302 1775 γάμον
316 1699 362 1767 τῆς
387 1695 480 1775 κόρης,
493 1686 529 1754 dv
544 1695 653 1774 θατέρου
668 1695 770 1762 πάντως
790 1695 859 1753 ἐστίν
880 1698 945 1754 άπο·

158 1793 247 1864 τυχεῖν
257 1783 326 1843 κατδι
338 1788 387 1862 γῆν
401 1785 582 1864 ἐπιχειροῦντα
596 1782 644 1855 τὴν
654 1782 756 1863 πρᾶξιν.
791 1783 845 1842 Καὶ
859 1783 945 1850 άλλως

158 1875 212 1932 οὐδ’
221 1873 354 1932 ἀκίνδυνον
363 1870 389 1931 εί
398 1896 423 1952 τι
434 1872 651 1952 τούτωνγίγνοιτο
661 1871 773 1944 πλησίον
781 1877 829 1943 τῆς
837 1873 946 1945 πολεως,

159 1964 189 2020 ἐκ
202 1968 247 2020 τοῦ
262 1965 430 2042 παραχρῆμα
446 1965 492 2032 τῆς
516 1964 539 2019 τ’
555 1961 699 2032 αἰσθήσεως
714 1960 759 2019 καί
780 1965 826 2030 τῆς
840 1960 945 2020 ἐπιδιώ·

159 2049 220 2118 ξεως
232 2050 367 2125 ἐσομένης.
413 2049 506 2110 liciti
522 2048 553 2120 δὴ
567 2054 612 2121 τῆς
628 2048 754 2115 συνέσεως
773 2049 850 2107 αιἰτδν
872 2051 946 2107 ἐπαι·

119 2155 145 2194 νο
158 2138 248 2207 νέσας,
262 2139 361 2196 ἐκείνου
374 2137 422 2213 μὲν
436 2136 657 2213 ἀπηλλαττόμην,
671 2137 711 2195 σοί
726 2137 753 2196 δέ
768 2136 945 2212 καταμηνύειν

60 2231 63 2236 ’
158 2226 205 2296 τὴν
229 2224 445 2304 σκευωρουμένην
459 2225 523 2304 πρὸς
546 2228 597 2282 τῶν
620 2226 773 2304 α’λαοτόρων
788 2225 945 2299 ἐπιόουλὴν,

158 2314 267 2372 ἱκετεύω
294 2313 418 2393 φροντίδα
444 2318 576 2373 ποιεῖσθαι
592 2318 637 2372 τοῦ
653 2314 747 2373 σαυτόν
766 2337 793 2372 τι
818 2314 864 2373 καί
888 2313 946 2382 τοὺς

159 2408 257 2461 σαυτοῦ
272 2401 417 2469 διασώζειν.

202 2490 271 2549 lit‘.
283 2487 387 2567 Ἀπῄειν
398 2487 517 2566 κατηφὴς
527 2486 625 2546 τούτων
638 2487 750 2555 ἀκούσας
760 2488 806 2548 καί
820 2488 946 2557 παντοίας

119 2595 145 2634 to
160 2575 281 2655 ἔστρεφον
296 2580 359 2655 παρ’
373 2578 480 2656 ἐμαυτῷ
494 2575 588 2655 βουλδις
596 2621 604 2647 ,
619 2575 666 2643 έως
678 2580 708 2636 ἐκ
722 2577 888 2654 ταύτομάτου
901 2601 946 2653 μοι

159 2667 239 2723 πάλιν
263 2663 379 2744 ἐντυχὼν
394 2667 408 2722 δ
425 2663 538 2742 ἔμπορος
556 2663 602 2722 καὶ
623 2666 683 2743 περί
695 2669 746 2724 τῶν
762 2668 847 2725 αὐτῶν
860 2667 945 2725 διαλε·

158 2754 285 2831 γόμενος,
299 2751 451 2829 σκέμματός
461 2775 529 2818 τινος
540 2752 675 2828 ἐνδόσιμον
689 2754 825 2833 παρεῖχεν.
869 2753 944 2812 Ἀπο-

158 2840 282 2920 κρύπτων
297 2841 348 2920 γὰρ
370 2843 422 2897 τῶν
444 2839 516 2920 παρὰ
535 2844 581 2899 τοῦ
603 2843 741 2922 ’Τυρρηνοῦ
762 2841 944 2918 μηνυθέντων,

161 2927 228 3007 ἅπερ
243 2925 404 3004 ἐύουλόμην,
416 2926 501 2985 ἐκεῖνο
522 2925 600 3003 μόνον
615 2926 644 2985 τὸ
657 2927 734 3008 μέρος
748 2927 896 3009 ἐξέφαινον,
912 2934 946 2996 ὡς

120 3032 146 3071 so
160 3015 279 3094 ἁρπάσαι
291 3038 328 3081 τις
339 3018 391 3073 τῶν
406 3012 539 3093 ἐγχωρίων
555 3016 696 3074 διανοεῖται
708 3015 755 3087 τὴν
773 3016 867 3097 κόρην,
883 3017 946 3098 πρὸς

160 3103 187 3163 δν
213 3106 260 3163 οὐκ
284 3102 354 3162 ἐστιν
370 3101 513 3182 ἀξιόμαχος
536 3103 732 3172 ἀντιτάξασθαι.
776 3105 848 3184 Ἐγὼ
862 3105 889 3165 δέ
906 3107 946 3166 σοί

161 3194 261 3269 μᾶλλον
277 3191 323 3264 διν,
337 3191 418 3271 ἔφην,
434 3189 541 3267 ἑλοίμην
562 3190 643 3263 αὐτὴν
667 3197 846 3271 κατιγγυῆσαι
861 3193 904 3251 διά
918 3217 946 3250 τε

159 3282 207 3352 τὴν
232 3279 454 3360 προϋπάρχουσαν
472 3283 585 3356 γνῶσιν,
601 3280 644 3338 διά
662 3305 689 3338 τε
711 3280 758 3351 τὴν
782 3282 946 3362 περιουσίαν·

160 3369 205 3428 καί
220 3370 270 3451 πρὸ
284 3369 389 3427 πάντων
402 3367 442 3424 ότι
454 3368 501 3439 τὴν
513 3369 645 3448 ἡμετέραν
659 3371 751 3440 οἰκεῖν,
767 3373 789 3428 εἰ
802 3374 846 3428 τοῦ
859 3370 945 3447 γάμου

46 3532 50 3539 1
120 3472 146 3512 so
160 3457 260 3535 τύχοις,
273 3455 350 3536 ἰφθης
369 3455 602 3532 ἐπαγγελλόμενος.
646 3454 728 3514 'ssot’
754 3455 778 3514 εἰ
789 3480 829 3514 σοι
842 3458 946 3524 πάντως

161 3545 250 3623 φίλον,
266 3543 442 3600 σπουδαστέον
463 3547 527 3619 ἡμῖν
541 3542 584 3600 τὸν
599 3542 699 3601 ἐνθένδε
714 3543 869 3620 ἀπόπλουν,
884 3546 945 3625 πρίν

159 3654 185 3687 τι
193 3630 238 3687 καί
248 3630 311 3707 πρὸς
322 3628 351 3686 τὸ
360 3627 480 3686 σἰκούσιον
491 3630 821 3709 προληφθῆναιπαθόντας.
846 3630 945 3711 Ὑπερ-

160 3717 228 3790 ήσθη
243 3717 339 3775 τούτων
356 3716 468 3783 οἰκούσας
487 3717 532 3775 καί
540 3708 581 3775 Ed
604 3741 648 3792 γε,
661 3708 682 3777 ὦ
696 3719 797 3800 πάτερ,
818 3719 885 3801 ἰφη,
900 3721 945 3780 καὶ

162 3807 218 3884 ἅμα
234 3805 317 3885 ἐφίλει
338 3805 454 3884 προσιὼν
467 3804 514 3876 τὴν
528 3804 659 3887 κεφαλὴν,
672 3807 828 3866 ἐπυνθάνετό
844 3832 873 3867 τι
887 3810 946 3868 πότ’

120 3908 147 3946 to
161 3894 303 3971 ἀνάγεσθαι
316 3891 458 3970 κελεύοιμι,
471 3892 577 3972 καὶγὰρ
590 3896 612 3951 εἰ
622 3893 732 3970 μηδέπω
743 3900 790 3966 τῆς
799 3894 869 3976 ὥρας
880 3888 946 3955 εἶναι

160 3981 192 4039 τὰ
208 3982 325 4056 πλόϊμα,
342 3983 400 4039 ἀλλ’
413 3981 540 4061 ὑπάρχειν
552 3981 799 4060 μεταστησαμένους
811 3987 846 4051 εἰς
858 3984 945 4066 ἕτερον

161 4068 257 4148 ὅρμον,
274 4068 415 4140 ἐπιόουλῆς
427 4069 449 4126 τ’
464 4069 537 4137 ίκτδς
550 4070 669 4147 γενέσθαι
680 4075 725 4143 τῆς
739 4073 944 4150 ὑπονοουμένης,

160 4158 206 4217 καί
218 4156 247 4215 τδ
262 4157 368 4235 σἰκριόές
381 4161 426 4214 τοῦ
441 4154 515 4236 ἐαρος
529 4166 689 4236 περιμεῖναι.
731 4161 853 4233 Οὐκοῦν,
863 4160 944 4243 ἔφην,

161 4249 183 4304 εἰ
194 4247 225 4317 δὴ
238 4246 328 4322 μέλλει
343 4244 438 4322 τοῦμδν
452 4244 551 4324 ἰσχύειν
565 4244 735 4326 πρόσταγμα,
744 4250 946 4329 τῆςάρχομένης

96 4369 97 4373 =
121 4349 146 4388 rs
162 4333 192 4392 δν
208 4333 349 4414 βουλοίμην
365 4336 529 4393 ἀποπλεῦσαι
543 4334 642 4402 νυκτός.
686 4337 739 4395 Καὶ
755 4336 846 4414 ὁμὲν,
866 4338 945 4397 Ούτω

160 4423 316 4500 γενήσεται,
329 4421 427 4497 εἰπὼν,
440 4421 581 4501 ἀπεχώρει.
625 4423 695 4503 Ἐγὼ
707 4426 729 4482 δ’
744 4424 831 4484 οἴκαδε
845 4426 943 4504 ἐλθὼν,

160 4511 223 4590 πρὸς
237 4509 284 4587 μέν
304 4509 348 4567 τὸν
370 4510 504 4590 Τυρρηνὸν
519 4511 577 4569 οῦδί
596 4511 638 4585 ἓν,
657 4512 720 4592 πρὸς
732 4513 758 4571 δὲ
774 4516 833 4579 τοὺς
850 4515 946 4580 παῖδας

162 4598 288 4678 ἔφραζον,
305 4601 339 4662 ὡς
363 4602 420 4674 μεθ’
444 4598 556 4678 ἑσπέραν
580 4604 685 4678 βαθεῖαν
711 4596 781 4668 αὖθις
803 4601 944 4660 ἐπιθαίνειν

162 4686 249 4755 δεήσει
264 4690 310 4756 τῆς
324 4687 443 4754 ὁλκάδος.
487 4690 548 4747 Τῶν
565 4685 591 4744 δὲ
613 4688 642 4745 τὸ
658 4690 782 4769 αἰφνίδιον
797 4691 944 4766 θαυμαζόν-

121 4788 148 4826 su
161 4797 211 4830 των
227 4775 271 4830 καὶ
284 4774 330 4843 τὴν
349 4776 436 4833 αἰτίαν
449 4775 666 4852 πυνθανομένων,
680 4778 841 4856 ὑπερεθέμην
857 4781 945 4837 εἰσαῦ-

162 4866 198 4925 θις
210 4861 288 4938 ἐρεῖν·
301 4867 346 4918 νῦν
359 4863 381 4920 δ’
397 4864 463 4921 ούτω
477 4869 628 4946 πραχθῆναι
647 4864 788 4944 συμφέρειν
803 4866 903 4945 ἔλεγον.

203 4947 270 5006 ΚΒ’.
294 4948 371 5006 Ἐπεί
399 4952 425 5008 δὲ
447 4951 548 5011 δείπνου
569 4952 632 5031 πρδς
643 4953 729 5030 ὀλίγον
752 4956 946 5029 μεταλαύόντες

162 5036 197 5099 εἰς
211 5031 289 5090 ύπνον
309 5037 474 5114 ἐτράπημεν,
486 5040 548 5120 ὄναρ
566 5041 611 5118 μοί
628 5064 665 5108 τις
684 5041 831 5120 πρεσῦύτης
843 5042 945 5124 ἐφαίνε-

163 5144 208 5196 το,
223 5123 257 5180 τδι
278 5121 325 5199 μέν
340 5122 408 5181 ἄλλα
423 5130 627 5208 κατεσκληκὼς,
647 5130 795 5207 ἐπιγουνίδα
810 5132 836 5190 δὲ
852 5134 944 5216 λείψα·

701 329 911 389 flatlobottl
934 327 1238 387 AETHlOPlCORUM

991 466 1084 530 inquit,
1095 468 1120 515 et
1130 466 1197 528 virgo
1211 478 1266 527 quae
1278 463 1342 526 apud
1356 466 1381 513 te
1391 463 1527 513 diversatur
1543 475 1591 511 una
1605 474 1663 511 cum
1677 462 1800 521 illisnffi

993 555 1102 615 rigabit?
1113 557 1234 603 lacertum
1244 556 1280 602 est
1290 552 1387 615 quidem
1394 588 1401 608 ,
1408 551 1472 613 disi,
1482 564 1567 600 rerum
1574 553 1680 599 curtam
1689 550 1800 612 τυσξ

993 639 1018 689 ld
1028 640 1161 690 scrutaris?
1174 639 1243 697 Quod
1261 639 1363 701 depereo
1379 639 1460 697 iilam,
1474 637 1508 687 ita
1524 639 1553 686 ut
1567 637 1609 686 rix
1621 638 1668 686 sim
1681 648 1800 699 comp-

993 729 1094 790 mentis,
1108 742 1164 776 cum
1176 728 1250 777 semet
1260 730 1355 776 tantum
1367 726 1477 776 viderim.
1512 728 1595 788 [teque
1610 738 1649 773 mc
1670 724 1722 773 scio
1736 736 1800 781 ιι-

992 830 1067 879 qusm
1086 814 1198 864 incidisse
1211 815 1236 863 in
1249 815 1322 864 talem
1336 814 1454 873 fonnem,
1471 811 1604 875 presertim
1616 824 1675 860 cum
1697 811 1799 875 mult

992 907 1017 953 et
1037 916 1086 952 non
1106 903 1226 952 deformes
1244 903 1353 964 captivas
1368 901 1482 964 reperim.
1515 896 1618 950 occulte
1641 900 1717 963 igitar
1728 912 1801 965 eu,

993 991 1134 1054 pertrahens
1147 1004 1190 1052 eo,
1199 993 1227 1041 ut
1239 991 1298 1041 mihi
1310 991 1385 1040 totius
1394 989 1487 1038 consilii
1496 988 1533 1037 sui
1543 988 1662 1038 rationem
1680 987 1800 1051 explia.

993 1083 1047 1129 ret:
1062 1079 1126 1138 Quid
1137 1079 1218 1142 igitur,
1231 1079 1385 1143 inquiebam,
1395 1081 1420 1127 tc
1436 1091 1497 1139 opus
1511 1079 1548 1126 est
1558 1090 1688 1126 conserere
1698 1090 1791 1137 menig

992 1181 1049 1217 cum
1062 1168 1217 1218 Pboenicibus
1229 1172 1254 1217 et
1269 1181 1317 1217 non
1330 1167 1411 1231 potius
1422 1166 1473 1215 sine
1482 1165 1598 1227 sanguine
1606 1167 1632 1214 et
1642 1166 1782 1229 priusqum

982 1255 1155 1304 'conscendant
1168 1253 1266 1316 adipisci
1277 1267 1307 1303 ex
1316 1253 1410 1302 sedibus
1424 1254 1502 1302 meisi
1513 1254 1639 1314 Servatur,
1655 1248 1776 1318 inquit,er

992 1343 1057 1405 opud
1070 1342 1196 1405 praedones
1215 1342 1361 1392 conscientia
1377 1342 1492 1405 quaedam
1507 1344 1533 1391 et
1547 1355 1604 1405 erga
1618 1344 1690 1391 notos
1699 1342 1771 1405 bnrqr-

992 1431 1063 1480 nitas.
1095 1433 1147 1480 Tua
1158 1431 1229 1493 igitur
1243 1443 1408 1492 carrssparco,
1418 1444 1449 1480 ne
1463 1429 1509 1479 tibi
1524 1443 1553 1480 es
1562 1443 1601 1480 res
1615 1430 1766 1483 diiticultrtea

992 1521 1082 1582 pariat,
1094 1533 1150 1568 cum
1169 1533 1183 1568 a
1197 1521 1221 1568 te
1231 1519 1338 1582 hospites
1352 1519 1432 1568 amissi
1443 1525 1628 1582 reposcerentur
1643 1538 1650 1569 ι
1671 1508 1766 1570 tamara

992 1620 1064 1670 opera
1076 1608 1125 1656 duo
1135 1608 1240 1657 maxime
1250 1609 1365 1671 consequi
1375 1607 1445 1667 volo,
1454 1620 1512 1670 opes
1522 1608 1606 1670 naris,
1618 1610 1643 1657 et
1659 1608 1764 1658 mstrlno·

992 1696 1059 1745 nium
1071 1696 1182 1757 virginis;
1196 1710 1300 1759 quorum
1312 1696 1388 1745 altero
1404 1696 1505 1745 omnino
1518 1710 1558 1745 me
1568 1697 1678 1746 frustrari
1686 1708 1766 1747 uentu

992 1788 1042 1846 est,
1056 1788 1120 1835 terre
1129 1785 1253 1848 negotium
1263 1785 1455 1848 aggredientem:
1468 1787 1493 1835 et
1501 1785 1591 1848 alioqui
1604 1799 1681 1848 neque
1698 1788 1765 1834 tutan

992 1880 1041 1936 est,
1056 1888 1127 1935 cum,
1151 1874 1242 1937 siquid
1264 1874 1382 1935 ejusmodi
1402 1873 1521 1924 accideret
1547 1888 1622 1937 prope
1643 1875 1687 1925 sita
1706 1873 1765 1934 urbe,

992 1964 1108 2013 continuo
1123 1968 1148 2013 et
1169 1964 1260 2012 tectum
1279 1964 1410 2012 sentiretur
1430 1965 1455 2013 et
1468 1963 1603 2026 persecutio
1613 1965 1692 2013 lutura
1705 1965 1764 2012 essct

992 2055 1055 2102 Cum
1065 2052 1138 2114 igitur
1147 2065 1204 2102 eum
1213 2052 1296 2101 multis
1306 2051 1384 2100 modis
1393 2051 1425 2100 ob
1436 2051 1589 2113 prudentiam
1598 2051 1764 2109 collaudassent,

992 2142 1023 2190 ab
1034 2141 1077 2191 llio
1091 2141 1253 2190 discedebam.
1286 2140 1339 2189 libi
1352 2153 1410 2188 vero
1428 2140 1536 2189 indicans
1549 2140 1660 2201 insidias,
1675 2153 1723 2204 quac
1737 2139 1764 2187 ab

993 2230 1030 2278 his
1043 2232 1170 2279 struuntur
1181 2229 1289 2279 scelestis
1303 2228 1453 2290 bominibus,
1467 2242 1610 2291 magnopere
1625 2243 1667 2279 oro
1677 2233 1700 2279 et
1709 2226 1764 2277 otte

992 2323 1056 2379 stor,
1066 2321 1094 2368 ut
1106 2318 1132 2367 in
1142 2319 1165 2367 id
1176 2331 1259 2368 curem
1270 2318 1393 2379 intendas,
1403 2331 1453 2381 quo
1465 2321 1537 2380 pacto
1550 2320 1576 2368 te
1590 2319 1669 2380 ipsum
1683 2321 1705 2367 et
1718 2319 1763 2365 tuor

992 2420 1087 2456 serrare
1097 2407 1179 2469 possis.

1023 2494 1263 2545 xxl.1)iscedebam
1283 2495 1372 2556 tristis,
1394 2507 1450 2544 cum
1467 2494 1520 2544 haec
1536 2494 1656 2545 audissem
1675 2482 1761 2544 esnr'a

992 2583 1118 2633 versabam
1130 2583 1195 2645 spud
1205 2597 1244 2633 me
1260 2583 1373 2643 consilia,
1385 2582 1462 2633 donec
1475 2583 1537 2633 torte
1546 2597 1604 2632 casu
1618 2583 1674 2632 mibi
1682 2580 1761 2632 obrius

993 2673 1071 2722 iectus
1082 2674 1202 2722 mercator
1216 2671 1284 2722 etde
1304 2672 1389 2722 iisdem
1404 2685 1500 2722 mecum
1520 2672 1673 2735 colloquens,
1695 2676 1761 2720 annm

993 2761 1120 2822 cuiusdam
1143 2761 1235 2810 consilli
1251 2761 1362 2822 praebuit.
1396 2761 1528 2812 occultans
1540 2760 1605 2811 enirn
1624 2775 1652 2810 es
1669 2760 1761 2820 iisque

993 2852 1062 2899 erant
1073 2849 1203 2900 indicatas
1223 2850 1365 2912 Tyrrheno,
1383 2864 1438 2912 qure
1450 2850 1576 2908 volebam,
1599 2850 1664 2900 illem
1686 2848 1761 2898 urna

992 2940 1086 3001 partem
1104 2939 1256 3001 retegcbsm,
1270 2939 1336 3002 quod
1360 2939 1460 3002 quidam
1478 2939 1647 3001 indigenarum
1666 2928 1762 3000 cogibrti

993 3040 1077 3090 mpero
1095 3027 1229 3090 virginem,
1247 3026 1287 3075 cul
1312 3027 1422 3076 resistere
1443 3028 1493 3089 ipse
1511 3029 1536 3077 et
1549 3040 1575 3076 se
1595 3039 1711 3091 opponere
1724 3026 1763 3070 M

993 3118 1081 3177 posset.
1117 3120 1165 3176 ego
1183 3119 1265 3164 autern
1290 3115 1333 3164 tibi
1350 3115 1445 3177 potius,
1460 3114 1614 3178 inquiebam,
1629 3115 1721 3165 mallem
1738 3106 1764 3166 ll*

992 3217 1043 3251 sam
1055 3203 1214 3264 desponsare,
1227 3205 1280 3252 tum
1304 3207 1401 3265 propter
1411 3203 1536 3265 notitiam,
1553 3216 1610 3266 quoe
1625 3202 1684 3252 mibi
1696 3200 1766 3251 new

993 3290 1041 3350 iam
1055 3293 1125 3339 antea
1139 3290 1277 3350 lntercedit,
1292 3292 1345 3339 tum
1361 3294 1458 3352 propter
1480 3304 1537 3352 opes
1554 3295 1623 3351 tuas;
1635 3293 1660 3341 et
1673 3275 1771 3353 iupt'ltl¹⁸

992 3378 1057 3442 quod
1078 3378 1144 3427 teia
1165 3381 1247 3427 nostra
1267 3379 1343 3440 patria
1366 3378 1544 3440 habitaturum,
1566 3371 1774 3430 siruatrimonltnl

992 3469 1136 3516 consecutus
1159 3465 1244 3525 tueris,
1266 3470 1322 3514 arrte
1341 3466 1480 3527 promisisti.
1523 3467 1686 3525 Quamobrem
1710 3458 1737 3513 εἰ
1759 3444 1777 3498 ἐ

992 3555 1035 3605 tibl
1051 3553 1150 3604 omnino
1162 3554 1230 3602 cordi
1241 3557 1292 3613 est,
1310 3567 1409 3617 propere
1420 3554 1476 3603 binc
1493 3554 1681 3616 abnerigernus,
1699 3546 1779 3618 pfl*

992 3655 1066 3705 quam
1084 3643 1254 3705 anticipemur,
1278 3642 1369 3706 aliquid
1394 3643 1432 3692 rei
1455 3656 1498 3704 per
1521 3643 1663 3706 vimparsi.
1702 3628 1782 3691 vd*

992 3733 1086 3781 menter
1096 3734 1134 3781 est
1148 3731 1282 3781 delectatus
1298 3731 1335 3780 bis
1353 3731 1443 3781 auditis
1453 3734 1478 3780 et
1490 3734 1577 3791 Recte,
1592 3735 1671 3794 pater,
1681 3716 1782 3793 inqui*

991 3820 1111 3882 simulque
1125 3819 1240 3869 accedens
1252 3822 1326 3882 caput
1339 3819 1491 3868 osculabatur
1505 3823 1529 3868 et
1537 3820 1671 3883 querebat,
1682 3800 1783 3882 qunti⁰

992 3909 1086 3958 solvere
1102 3907 1229 3968 juberem?
1255 3910 1304 3957 Etsi
1326 3909 1390 3957 enim
1411 3908 1519 3958 nondum
1547 3910 1689 3971 tempestiva
1720 3890 1781 3950 δέ

992 3996 1127 4058 navigatio,
1147 3995 1217 4045 licere
1229 3999 1310 4045 tamen
1325 3999 1348 4044 in
1371 3997 1444 4045 alium
1457 3999 1553 4058 portum
1565 4010 1617 4046 sese
1636 3992 1777 4046 snum

992 4084 1071 4144 tibus,
1087 4084 1184 4133 insidias
1198 4098 1254 4146 qum
1271 4087 1420 4134 struerentur
1435 4085 1526 4134 evitare
1547 4088 1571 4135 et
1584 4087 1647 4135 veris
1667 4081 1773 4134 const*

993 4175 1050 4221 tiam
1064 4173 1161 4235 operiri.
1194 4175 1278 4234 lgitur,
1294 4173 1445 4236 inquiebam,
1463 4173 1581 4236 siquidem
1593 4173 1681 4224 valebit
1695 4172 1768 4221 ιοσθΙΙ

992 4260 1133 4322 imperium,
1157 4260 1203 4310 sub
1227 4262 1322 4311 initium
1344 4263 1420 4311 noctis
1438 4262 1548 4324 nauigare
1570 4262 1650 4312 velim.
1682 4263 1710 4310 st
1733 4249 1764 4302 fflt

991 4348 1102 4410 quidem,
1125 4350 1160 4398 sic
1190 4350 1298 4398 tutorum
1322 4364 1378 4399 cum
1401 4349 1513 4411 dixisset,
1542 4350 1689 4403 uncedebst
1722 4342 1759 4403 f&

991 4441 1072 4487 sutem
1093 4437 1194 4487 domum
1210 4452 1335 4498 reversus,
1358 4439 1483 4500 Tyrrheno
1506 4439 1604 4501 quidem
1620 4414 1756 4501 nituisti*

992 4527 1072 4575 saitem
1091 4526 1215 4586 dicebam,
1233 4525 1297 4588 quod
1311 4528 1364 4586 post
1376 4525 1545 4587 crepusculum
1558 4540 1642 4577 rursus
1654 4528 1755 4577 trolcsdt
1801 4588 1803 4599 Ι

991 4614 1151 4664 coascendere
1160 4616 1276 4677 oporteat.
1312 4615 1353 4662 llis
1362 4617 1442 4664 autern
1453 4616 1605 4677 repentinum
1615 4617 1674 4666 iilud
1687 4610 1755 4667 tactui
1800 4618 1803 4701 γ

992 4702 1134 4751 mirantibus
1160 4704 1184 4751 et
1203 4715 1301 4751 eausam
1317 4703 1496 4765 querentibus,
1514 4703 1610 4765 distuli,
1634 4709 1714 4767 postea
1738 4716 1760 4754 n·

991 4789 1113 4839 dicturum
1126 4791 1240 4853 pollicens
1251 4811 1257 4840 ι
1268 4804 1332 4839 nunc
1344 4794 1424 4841 autem
1441 4791 1576 4842 conducere
1591 4797 1617 4841 ut
1627 4794 1659 4841 ita
1675 4795 1725 4853 fiat,
1739 4797 1757 4843 e
1801 4798 1803 4844 i

991 4880 1085 4929 cebant.
1800 4868 1803 4881 '

1022 4971 1098 5018 xllii.
1117 4971 1230 5017 ceterum
1241 4971 1367 5032 postquam
1382 4972 1477 5032 sumpts
1496 4982 1564 5019 caena
1582 4968 1675 5019 modica
1696 4971 1718 5018 in
1738 4972 1759 5017 a*
1800 4972 1803 5027 ῑ

992 5069 1075 5105 mnum
1090 5057 1147 5120 lapsi
1160 5071 1259 5117 sumus,
1277 5060 1301 5107 in
1315 5059 1403 5107 somnis
1425 5059 1482 5107 milri
1496 5059 1607 5122 apparuit
1625 5057 1724 5119 quidam
1738 5058 1761 5101 t

992 5158 1048 5203 nex,
1063 5144 1154 5205 reliquo
1164 5144 1260 5204 quidem
1270 5158 1369 5207 corpore
1380 5145 1474 5195 aridus:
1485 5159 1569 5196 rerum
1578 5145 1700 5195 succincta
1710 5138 1762 5199 rest
