3726 5692
843 339 958 399 arasa
983 343 1017 401 ν,
1090 424 1093 429 ¹

115 481 230 541 πλεῖστα
241 469 434 550 κατωρθωκότα
450 474 476 530 ἐν
493 472 617 548 πολέμοις
631 472 677 530 καὶ
689 471 721 542 δὴ
735 471 780 530 καλ
794 471 841 543 τὴν
856 494 906 527 πα-

123 573 215 649 ροῦσαν
237 558 377 639 στρατείαν
401 559 561 637 εὐδαιμόνως
587 559 777 637 πεποιημένον.
821 559 855 619 Ὁ
878 557 905 618 δέ

127 649 260 737 χαυνωθεὶς
269 652 324 714 τοῖς
336 648 503 716 ἐπαίνοιςκαὶ
514 648 570 724 ἅμα
581 649 610 707 τό
623 659 734 728 πρᾶγμα
747 648 829 715 οὑτως
835 648 905 727 ἔχειν

133 742 178 803 ‘asro
197 742 239 797 τοῦ
261 735 388 813 ὀνόματος
413 738 571 808 ἀπατηθεὶς,
599 736 772 813 ἐμπέπληκτο
796 736 843 813 μὲν
860 740 906 808 τῆς

119 832 208 913 οὖρος,
221 827 266 884 ἀπ’
289 827 410 892 εὐτελοῦς
424 823 476 906 γδιρ
491 825 537 885 καί
551 831 635 884 ταῦτα
654 831 701 897 τῆς
721 828 830 897 ἐσθῆτος
853 816 905 883 οἷον

140 918 213 998 νέφους
225 912 292 992 αὐγὴ
318 913 460 986 σεληναίας
475 912 659 992 διεξέλαμπεν.
702 912 799 993 Ὅμως
822 914 844 972 δ’
862 905 905 972 σύν

144 1006 257 1083 τδκοὺφον
275 1007 324 1061 τοῦ
339 1002 506 1082 φρονήματος
522 1002 626 1075 ἀπάτης
646 1002 751 1075 ὀξύτητι
771 1004 906 1082 συσχεθεὶς

147 1091 229 1153 τιλτὸν
243 1090 334 1169 καιρὸν
357 1095 404 1162 τῆς
419 1089 594 1168 μεταμελείας
609 1091 782 1174 προληφθείς,
797 1094 905 1165 Ταύτην

148 1179 247 1260 pistor„
259 1179 308 1248 σὴν
324 1172 405 1237 οὖσαν
418 1179 562 1237 ἀπολαόὼν
575 1180 636 1258 ἄγε,
652 1180 697 1240 καί
711 1179 792 1240 εἰπὼν
806 1181 907 1260 ἐνεχεί-

124 1273 211 1350 ιεριίεν,
223 1269 324 1348 ἀφορῶν
342 1270 365 1325 τ’
388 1269 423 1334 είς
435 1266 517 1340 αὐτὴν
531 1273 647 1347 συνεχῶς
662 1270 708 1327 καί
722 1267 762 1327 ότι
774 1269 845 1327 ἄκων
862 1270 907 1328 καλ

149 1356 249 1437 προλήψει
260 1362 306 1416 τοῦ
319 1361 414 1434 μισθοῦ
427 1357 601 1439 παραχωροίη
614 1363 659 1431 τῆς
673 1358 751 1438 κόρης
762 1360 906 1437 ἐπισημαι-

149 1445 284 1518 inhiant
301 1445 344 1520 δέ,
358 1445 428 1513 ὅστις
443 1447 501 1505 ποτ’
515 1448 589 1518 ἐστὶ,
602 1447 686 1523 λέγων
700 1446 743 1504 τόν
759 1448 907 1526 Θεαγένην,

106 1548 109 1605 j
151 1531 238 1615 λάφυρον
259 1533 387 1614 ἡμέτερον
413 1535 482 1594 ἔστω
504 1535 550 1593 καί
576 1535 677 1592 ἑπέσθω
699 1536 906 1616 φρουρούμενος,

106 1608 109 1629 '
150 1623 385 1702 ίιοπεμφθησόμενας
397 1626 433 1690 εἷς
445 1625 602 1684 Βαόυλῶνα·
618 1624 734 1704 τραπέζῃ
747 1625 799 1706 γδιρ
812 1629 844 1704 τῇ
859 1630 908 1704 βα-

128 1707 218 1777 soth
230 1713 353 1771 διακονεῖν
369 1711 509 1792 ἐμπρέπει.

178 1797 214 1858 U.
232 1799 337 1859 Τούτων
348 1799 493 1879 εἰρημένων
507 1804 675 1878 ἐπεραιοῦντο
685 1798 733 1871 τὴν
745 1801 850 1879 λίμνην·
863 1800 909 1858 καί

151 1886 288 1964 χωρισθέντες
302 1888 441 1960 ἀλλήλων,
457 1888 531 1966 θμὲν
550 1891 586 1955 εἰς
597 1887 645 1960 την
663 1888 787 1966 Χέμμιν,
803 1893 817 1946 ό
832 1892 908 1950 Ναυ-

153 1975 219 2044 ευιλῆς
230 1975 294 2055 έχων
305 1975 354 2047 τὴν
367 1976 529 2056 Χαρίκλειαν
544 1977 665 2058 ἔρχεται,
679 1976 816 2056 Μιτράνης
830 1975 852 2034 δ’
870 1975 909 2056 ἐφ’

154 2060 221 2141 ίτίρας
233 2064 322 2139 κώμας
348 2068 400 2124 τῶν
415 2066 539 2138 ὑπηκόων
553 2066 678 2145 τραπεὶς,
701 2066 774 2123 οὐδέν
797 2065 908 2145 ὑπερθέ-

106 2190 108 2201 ·
129 2165 219 2227 Ιιυιις,
229 2149 282 2228 δμα
294 2151 435 2232 γράμμασι
448 2153 491 2211 τδν
504 2152 640 2231 Θεαγένην
655 2152 718 2233 πρὸς
733 2153 908 2231 Ὀροονδότην

106 2208 111 2279 ί
152 2231 270 2297 θποκατά
299 2239 348 2311 τὴν
363 2239 473 2321 Μέμφιν
498 2240 653 2321 ἐξέπεμψεν.
699 2231 798 2321 Εἶχεδ
812 2232 909 2299 ὧδετόι

106 2306 109 2391 ί
154 2322 313 2403 innuptos·
360 2340 563 2390 ονοοιιιιτιιι
577 2341 735 2390 sareanen
746 2342 909 2390 uranium:

106 2394 110 2517 Ι
153 2419 340 2476 ammaricus.
392 2415 515 2487 Ἕλληνα
537 2419 640 2475 νεανίαν
664 2421 838 2498 ὑπεραίροντα
862 2416 909 2488 τὴν

106 2522 108 2527 “
154 2497 199 2573 lillis
208 2505 354 2564 δεσποτείαν
369 2505 414 2565 καί
425 2510 475 2587 θεῷ
488 2509 593 2585 βασιλεῖ
606 2511 643 2587 τῷ
658 2507 773 2588 μεγίστῳ
784 2507 855 2588 μόνῳ
865 2508 910 2565 καί

129 2588 258 2666 *φαίνεσθαι
266 2594 313 2652 καὶ
325 2596 501 2653 διακονεῖσθαι
511 2593 592 2672 ἄξιον,
604 2595 776 2675 αἰχμάλωτον
788 2593 909 2677 εἰληφὼς,

152 2676 196 2754 »φύε
215 2704 240 2740 σε
263 2682 468 2762 διεπεμψάμην,
491 2685 615 2762 ίκχωρῶν
637 2706 677 2741 σοι
697 2685 836 2754 τηλικοῦτο
864 2685 910 2742 καί

153 2771 226 2829 mbae
236 2773 316 2851 δῶρον
330 2775 368 2850 τῷ
378 2774 457 2852 κοινῷ
468 2772 582 2852 δεσπότῃ
596 2772 750 2852 προσάγειν,
764 2762 815 2829 οἷον
829 2777 845 2843 ἡ
858 2777 911 2885 φα-

152 2850 220 2926 allex
237 2858 301 2930 αθλὴ
321 2860 421 2936 κόσμον
438 2858 497 2919 οὔτε
519 2861 645 2940 πρότερον
662 2851 744 2932 εἶδεν,
766 2858 824 2917 οὔτ’
841 2865 911 2926 αυθις

151 2939 227 3021 θύεται.

129 3035 146 3077 ⁸⁸
179 3032 205 3096 λ’.
222 3038 312 3098 Ταῦτα
328 3035 375 3115 μὲν
387 3039 483 3105 ίκεῑνος
499 3037 663 3098 ἐπέστελλεν.
707 3035 792 3097 Οὔπω
804 3038 827 3094 δ’
842 3035 911 3112 ἡμέ-

153 3137 185 3193 lts
194 3124 296 3205 έκριόῶς
308 3127 514 3208 ὑποφαινούσης,
527 3130 540 3184 ό
554 3125 701 3206 Καλάσιρις
714 3125 771 3203 ἅμα
786 3127 823 3204 τῷ
838 3125 909 3195 Kail-

152 3213 277 3293 warspt
300 3213 345 3272 τὸν
370 3213 525 3275 Ναυσικλέα
550 3213 669 3272 σπεύδων
694 3220 786 3293 μαθεῖν
810 3237 836 3271 τι
860 3216 912 3271 τῶν

106 3338 109 3385 Ι
153 3292 308 3378 mameae
323 3301 429 3382 ἔρχεται
444 3302 490 3360 καί
510 3304 696 3381 πυνθανομένῳ
716 3301 776 3361 τίνα
796 3300 837 3374 είη
852 3303 912 3360 δια-

153 3390 329 3469 πεπραγμένος,
346 3389 453 3449 ἅπαντα
472 3395 486 3449 θ
502 3394 655 3463 Ναυσικλῆς
667 3392 771 3469 ἔλεγεν,
787 3394 821 3458 ὡς
835 3383 912 3463 ἦλθεν

129 3466 185 3529 “tt
196 3476 236 3549 πλν
249 3483 344 3551 νῆσον,
366 3481 402 3545 ὡς
422 3478 568 3537 κατέλαύεν
592 3479 709 3558 ἔρημον,
733 3483 768 3547 ὡς
781 3479 865 3539 ούδενί
879 3479 913 3537 τὰ

154 3563 222 3637 κρι’ίτα
237 3565 394 3647 συνέτυχεν,
416 3570 452 3633 ὡς
465 3568 554 3645 ἀπάτη
578 3568 622 3626 τὸν
638 3567 776 3646 Μιτράνην
789 3571 913 3648 περιῆλθε

154 3647 187 3707 lit
195 3676 244 3712 τινα
258 3656 386 3737 φανεῖσαν
401 3656 480 3737 κόρην
493 3659 528 3723 ὡς
541 3656 645 3727 Θίσόην
660 3656 802 3715 ἀπέλαόεν·
814 3658 859 3716 καί
873 3657 914 3715 ότι

154 3734 230 3809 mnus
238 3743 280 3817 εἴη
290 3744 517 3824 διαπεπραγμένος
531 3743 628 3816 ταύτης
640 3744 771 3823 ἐπιτυχὼν
783 3742 800 3817 ἢ
813 3746 913 3817 ἐκείνην

106 3818 108 3831 ¹
153 3822 258 3904 *lolem
272 3831 323 3912 γὰρ
337 3832 430 3912 μικρὸν
446 3822 511 3890 εἶναι
523 3833 553 3891 τὸ
564 3834 686 3914 διάφορον
699 3836 757 3892 ἀλλ’
772 3833 832 3892 ὅσον
845 3834 876 3893 όν
888 3859 913 3894 τι

126 3910 227 3987 *iltuto
251 3926 308 3981 θεοῦ
329 3922 394 4001 πρὸς
415 3923 561 4002 ἄνθρωπον.
606 3922 697 3990 Οὕτως
715 3925 762 3982 οθκ
781 3913 849 3981 εἶναι
868 3928 914 3982 τοῦ

151 4002 239 4078 ιἅλλους
247 4009 407 4091 ὑπερόολῆν,
418 4013 472 4071 οὐδ’
487 4013 559 4090 αὐτῷ
570 4003 756 4078 δυνατὸνεῖναι
770 4012 914 4093 λόγῳζφρά·

150 4086 235 4158 θινκαλ
248 4102 323 4158 ταῦτ’
332 4098 388 4167 ἐξὸν
398 4105 533 4179 παροῦσαν
548 4099 732 4163 ἐπιδεικνύναι.

177 4185 226 4249 λύ’.
246 4188 328 4249 Ταῦθ’
341 4189 525 4265 ὡς’ἤκουσαν,
539 4190 661 4250 ὑπόνοιαν
687 4189 759 4257 εὐθὺς
777 4193 829 4248 τῶν
845 4193 915 4264 ἀλη-

148 4266 186 4331 θῗει
196 4274 357 4354 ίλιίμόανον,
379 4277 494 4336 ίκέτευόν
508 4301 536 4335 τε
550 4277 723 4355 προστάττειν
736 4279 771 4343 ὡς
785 4275 825 4336 ὅτι
839 4279 915 4359 τάχιὲ

116 4347 311 4445 “stampinsi
325 4363 373 4436 τὴν
387 4365 476 4444 κόρην·
492 4364 521 4424 τδ
535 4365 587 4445 γδιρ
603 4364 735 4446 ἄφραστον
750 4363 846 4433 κάλλος
857 4368 915 4427 Χα·

145 4448 242 4519 θυλείας
254 4450 402 4533 ἐγνώριζον.
445 4452 495 4520 Ὦς
505 4455 527 4511 δ’
538 4454 608 4533 ἤχθη
618 4498 626 4526 ,
638 4453 683 4512 καλ
695 4453 727 4511 ad
738 4456 831 4533 πρῶτα
842 4456 915 4514 κάτω

144 4533 252 4614 νΙθυιεα,
275 4542 321 4601 καλ
335 4541 365 4600 τὸ
379 4541 519 4620 πρόσωπον
541 4545 577 4609 εἰς
598 4540 678 4623 ὀφρὺν
695 4541 848 4615 σκέπουσα,
869 4549 915 4602 τοῦ

140 4610 310 4695 Ναυσικλέους
334 4632 438 4709 θαρρεῖν
460 4628 723 4709 παρακελευομένου,
745 4629 838 4708 μικρὸν
857 4631 916 4688 α’νέ-

136 4718 233 4789 ἰυσεν,
246 4706 301 4774 alli
313 4739 342 4774 τε
357 4715 403 4775 καλ
417 4715 490 4797 ὤφθη
503 4719 568 4798 παρ’
581 4718 689 4783 ἐλπίδας
694 4765 702 4790 ,
717 4715 828 4797 ὀδυρμὸς
842 4715 914 4777 άπα-

106 4786 178 4855 ¹⁰⁰¹»
189 4802 278 4883 όθρόον
291 4805 429 4877 όνεκινήθη
444 4805 489 4864 καί
504 4803 594 4884 ὥσπερ
609 4804 635 4874 ἐξ
651 4805 705 4872 ἑνὸς
720 4803 885 4882 συνθήματος
898 4805 915 4877 ἢ

130 4879 235 4968 *laste
247 4894 294 4964 τῆς
306 4894 387 4965 αὐτῆς
399 4892 579 4966 ἀνωλόλυξαν,
593 4885 626 4966 ην
639 4897 662 4952 τ’
678 4893 780 4952 άκούειν
795 4895 914 4954 ίπιπλεῑ·

126 4980 212 5050 στω,
225 4969 248 5039 όν
260 4979 357 5062 πάτερ,
373 4981 418 5041 καὶ
432 4971 454 5041 όν
468 4980 579 5062 θύγατερ
593 4981 638 5040 καί
653 4985 755 5055 ἀληθῶς
769 4982 915 5062 Χαρίκλεια

114 5061 184 5122 '‘Ql
198 5067 255 5149 υθχλ
274 5069 365 5144 θίοόη
388 5075 433 5130 τοῦ
459 5070 613 5148 Χνήμωνος.
657 5071 691 5132 Ὁ
716 5071 743 5130 δέ
763 5072 916 5144 Ναυσικλῆς

108 5130 202 5223 ‘⁸¹35
219 5158 347 5236 ίγεγόνει,
367 5157 412 5218 τόν
429 5181 458 5218 τε
479 5159 625 5240 Χαλάσιριν
641 5162 681 5240 ἐφ’
693 5160 752 5220 ὅσον
765 5158 915 5242 περιόαλὼν

1687 357 1742 406 303

952 484 1005 530 tum
1024 484 1167 545 praesentem
1182 483 1361 544 expeditionem
1383 496 1495 547 prospere
1515 486 1666 547 suscepisset.
1700 487 1744 536 ille

951 579 1033 625 autem
1045 576 1143 626 intlatus
1156 577 1266 627 laudibus
1278 581 1303 628 et
1311 579 1384 628 simul
1400 579 1496 628 remita
1510 592 1536 628 se
1551 581 1640 630 habere
1655 595 1686 629 ex
1700 595 1742 630 no·

951 671 1015 720 mine
1028 670 1086 720 laiso
1101 672 1256 732 existimans,
1275 675 1318 722 etsi
1338 675 1462 736 perculsus
1476 678 1512 724 est
1531 677 1625 736 turma,
1644 690 1700 738 quae
1713 691 1743 726 ex

952 769 1017 815 veste
1028 769 1102 828 alque
1119 766 1164 816 hac
1173 766 1214 821 vill
1227 770 1343 830 tanquam
1359 783 1388 817 ex
1400 770 1465 818 nube
1477 771 1541 819 lunae
1552 771 1664 833 splendor
1677 772 1740 821 relu-

953 860 1032 920 cebat,
1045 863 1196 911 tamencum
1209 863 1301 912 lraudis
1311 864 1434 914 celeritate
1450 865 1616 929 impediretur,
1631 881 1681 928 qam
1696 869 1742 916 ml-

952 969 998 1004 nus
1008 956 1081 1005 animi
1098 957 1221 1006 levitatem
1232 958 1370 1008 ostenderet
1383 962 1407 1008 el
1426 963 1522 1023 tempus
1536 961 1667 1023 poenitendi
1681 976 1743 1025 prae-

953 1053 1049 1112 reptum
1061 1054 1123 1101 esset
1135 1067 1141 1099 :
1162 1054 1229 1101 lianc
1239 1052 1321 1115 igitur,
1333 1054 1423 1116 inquit,
1437 1068 1494 1102 cum
1506 1057 1548 1104 tua
1562 1057 1603 1117 sit,
1615 1071 1743 1120 recupera·

952 1145 1002 1192 mm
1014 1143 1105 1193 ducito.
1139 1147 1169 1193 Et
1182 1158 1239 1193 cum
1252 1146 1300 1195 lroc
1309 1146 1420 1208 dixisset,
1430 1147 1543 1198 tradebat
1556 1149 1591 1198 illi
1607 1152 1631 1198 in
1645 1163 1740 1212 suanus,

953 1239 1080 1301 respiciens
1094 1239 1118 1287 in
1130 1239 1196 1289 illam
1206 1241 1354 1290 contiuueel
1365 1241 1431 1304 quod
1439 1243 1530 1293 inritus
1538 1257 1567 1293 ac
1576 1247 1673 1307 propter
1684 1260 1744 1308 prar-

885 1359 892 1380 ,
953 1333 1029 1382 mium
1039 1337 1095 1384 ante
1106 1340 1233 1398 acceptum
1243 1336 1339 1386 cederet
1351 1336 1381 1388 de
1393 1338 1542 1400 possessione
1555 1341 1641 1402 puellm
1653 1340 1743 1403 signifi·

953 1439 1024 1488 caus,
1037 1429 1082 1478 ilio
1096 1431 1190 1488 autem,
1203 1431 1352 1495 quicumque
1367 1432 1465 1482 undem
1477 1435 1523 1493 est,
1539 1434 1691 1496 Theagenem
1705 1437 1744 1485 in-

952 1535 1038 1582 nuens,
1049 1524 1081 1572 sit
1093 1526 1202 1572 nostrum
1215 1524 1320 1587 spolium
1330 1528 1355 1575 et
1367 1528 1491 1590 εεηυείυι,
1503 1528 1613 1577 custodia
1626 1529 1660 1578 illi
1673 1529 1743 1579 adtri-

953 1617 1012 1684 bita,
1035 1618 1165 1668 mittendus
1183 1619 1341 1681 Babylonem.
1377 1621 1501 1684 Siquidem
1516 1635 1544 1672 ea
1566 1625 1628 1673 inest
1649 1627 1743 1689 corpori

953 1712 1055 1774 dignitas
1066 1718 1093 1762 ut
1104 1714 1136 1762 ad
1148 1726 1256 1763 mensam
1267 1715 1355 1777 regiam
1365 1718 1430 1765 sture
1442 1718 1524 1778 possit.

985 1813 1024 1859 lx.
1044 1811 1087 1860 llis
1096 1810 1166 1860 dictis
1183 1812 1378 1862 transmittebant
1395 1813 1475 1864 lacum
1488 1816 1513 1864 et
1523 1818 1625 1876 separati
1640 1830 1655 1864 a
1669 1831 1694 1866 se
1708 1818 1743 1866 in·
1844 1870 1847 1874 ,

954 1911 1041 1972 νὶοουι,
1054 1912 1285 1974 Nausielesquidem
1294 1913 1423 1963 Chemmis
1433 1914 1524 1964 habeus
1534 1916 1683 1966 Charicleaur
1691 1933 1745 1980 per·

953 2016 1028 2077 venit,
1041 2018 1154 2066 Mitraues
1166 2030 1224 2066 vero
1234 2030 1291 2066 cum
1301 2017 1331 2065 ad
1342 2019 1401 2066 alios
1412 2031 1484 2080 pagos
1501 2033 1552 2068 suae
1566 2019 1662 2069 ditionis
1675 2021 1744 2071 delle·

955 2117 1036 2177 sisset,
1048 2117 1115 2165 nulla
1129 2130 1198 2167 mora
1212 2117 1362 2180 interposita,
1373 2118 1524 2179 Tlreagenem
1538 2133 1586 2168 una
1598 2135 1655 2169 cum
1671 2123 1745 2171 literis

954 2216 984 2264 ad
995 2217 1157 2268 oroondatem
1166 2255 1174 2280 ,
1184 2219 1226 2280 qui
1245 2221 1297 2267 tum
1315 2221 1367 2268 erat
1378 2220 1493 2282 llernphi,
1504 2220 1578 2269 misit.
1611 2223 1650 2271 Sic
1662 2226 1744 2273 autern

954 2318 1005 2366 erat
1018 2318 1135 2380 seriptum
1150 2318 1174 2366 in
1188 2317 1281 2366 literis:
1300 2317 1443 2367 Oroondoti
1461 2321 1591 2382 satrapae,
1612 2324 1744 2372 Mttrunes

957 2417 1109 2479 Praefectus.
1142 2417 1325 2467 adolescentem
1335 2421 1744 2484 Graecum,praestantioremqoam

956 2527 983 2573 ut
998 2525 1045 2574 suh
1058 2537 1113 2574 meo
1133 2523 1204 2586 degat
1217 2524 1318 2587 imperio
1333 2527 1358 2573 et
1378 2524 1494 2587 dignum,
1515 2527 1557 2588 qui
1580 2528 1603 2575 ln
1622 2528 1660 2577 dei
1682 2533 1742 2591 regls

957 2629 1055 2679 maximi
1072 2628 1146 2679 solius
1162 2631 1291 2691 conspectu
1311 2632 1419 2678 versetur
1430 2632 1455 2679 et
1468 2629 1501 2679 illi
1517 2631 1548 2679 sit
1559 2631 1590 2679 ab
1605 2632 1744 2695 obsequiis,

956 2735 1053 2793 captum
1071 2731 1102 2780 ad
1115 2734 1139 2780 te
1154 2732 1291 2791 transmisi,
1311 2732 1444 2782 concedens
1457 2733 1500 2782 libi
1516 2737 1543 2783 ut
1556 2738 1651 2785 tanturn
1663 2741 1687 2787 et
1698 2739 1745 2788 tale

956 2836 1048 2884 donum
1069 2836 1127 2884 hero
1140 2835 1263 2883 communi
1279 2836 1376 2896 alteras,
1390 2837 1460 2899 quale
1479 2838 1535 2886 aula
1554 2841 1616 2900 regia
1633 2854 1677 2890 nec
1699 2856 1744 2890 un-

957 2952 1030 3001 quam
1040 2942 1112 2988 antea
1124 2938 1193 2997 vidit,
1208 2951 1251 2986 nec
1265 2942 1351 2995 postea
1362 2943 1521 3001 conspectura
1532 2946 1576 2991 est.

988 3048 1018 3095 ll.
1038 3049 1094 3094 llaec
1109 3044 1149 3093 ille
1167 3045 1265 3107 quidem
1286 3058 1328 3106 per
1346 3046 1427 3094 literas
1445 3046 1595 3108 significavit.
1631 3052 1744 3101 Ceterum

957 3139 1013 3175 eum
1021 3126 1128 3174 noudum
1139 3124 1189 3173 dies
1198 3127 1283 3174 exacte
1291 3124 1418 3185 illuxisset,
1428 3127 1538 3175 calasiris
1548 3141 1602 3176 cum
1613 3131 1744 3191 Crrernone,

957 3217 1054 3267 sperans
1062 3217 1088 3253 se
1097 3202 1188 3265 aliquid
1198 3202 1350 3263 cogniturum
1358 3203 1424 3264 quod
1433 3204 1561 3266 ignoraret,
1570 3206 1600 3253 ad
1610 3210 1745 3259 narsidem

959 3284 1033 3333 venit.
1067 3285 1144 3345 Atque
1153 3284 1187 3331 ita
1196 3283 1323 3344 quaerenti,
1337 3281 1394 3345 quid
1407 3284 1558 3344 mnteeisset,
1571 3288 1653 3335 omnia
1664 3290 1746 3338 h'ausi·

958 3363 1007 3412 cles
1017 3361 1120 3419 dicebat,
1127 3362 1191 3423 quod
1199 3360 1334 3410 venissetad
1341 3360 1452 3422 insulam,
1460 3361 1526 3424 quod
1534 3361 1653 3413 desertam
1660 3365 1744 3429 depre-

959 3440 1088 3501 hendisset,
1096 3438 1161 3502 quod
1170 3439 1351 3501 primumuemo
1359 3438 1584 3502 tlliobriusluiseet,
1592 3444 1657 3504 quod
1668 3445 1745 3494 ltitra·

959 3532 1014 3568 nem
1025 3517 1107 3567 iraudo
1118 3517 1322 3579 circumvenisset,
1336 3517 1402 3580 quod
1415 3519 1544 3580 quamdam
1560 3520 1675 3582 virginem
1689 3537 1745 3585 qun·

958 3605 1100 3666 apparuerat
1111 3605 1226 3663 tanquam
1239 3600 1344 3650 Thisben
1356 3601 1487 3663 accepisset
1500 3604 1524 3651 et
1535 3602 1600 3665 quod
1616 3606 1702 3655 melius
1713 3608 1746 3657 illi

959 3688 1108 3737 successisset
1120 3688 1183 3736 hano
1198 3688 1279 3745 tracto,
1296 3687 1400 3748 quamsi
1415 3686 1482 3735 illam
1492 3687 1630 3739 invenisset.
1664 3694 1747 3755 Neque

958 3774 1022 3824 enim
1031 3786 1132 3835 parvum
1141 3772 1269 3821 discrimen
1280 3785 1339 3831 esse,
1347 3770 1389 3820 sed
1399 3777 1517 3834 quantum
1526 3772 1596 3825 deret
1605 3774 1630 3823 in
1644 3789 1744 3839 compa·

960 3859 1050 3908 ratione
1068 3857 1119 3906 deae
1135 3857 1163 3905 ad
1174 3858 1305 3906 huminem.
1339 3857 1404 3905 Adeo
1416 3857 1508 3906 nullam
1518 3871 1569 3907 esse
1583 3862 1745 3921 praestantiam

959 3946 1053 4005 termae,
1067 3956 1123 4006 quus
1136 3943 1200 3992 illius
1214 3942 1418 4023 pulchritudinem
1427 3947 1532 4006 superet,
1541 3958 1620 4007 neque
1630 3959 1656 3995 se
1665 3947 1689 3995 id
1703 3962 1746 3998 ex·

960 4041 1048 4092 ponere
1066 4025 1317 4089 verbisdigneposse,
1329 4027 1462 4088 prasertim
1481 4041 1537 4076 curn
1556 4029 1627 4080 liceat
1639 4044 1745 4093 proesen-

959 4112 1009 4158 tem
1018 4108 1191 4158 demonstrare.

992 4198 1033 4244 lll.
1052 4196 1111 4243 llaec
1127 4196 1155 4242 ut
1172 4193 1312 4253 audierunt,
1328 4193 1410 4242 statim
1425 4194 1540 4257 suspicati
1559 4195 1581 4244 id
1600 4196 1665 4259 quod
1686 4202 1746 4258 erat,

960 4282 1050 4332 obnixe
1063 4282 1173 4340 orabant,
1186 4285 1214 4330 ut
1228 4283 1418 4345 quamprimum
1432 4282 1514 4333 adesse
1525 4285 1747 4346 puellamjuberet;

960 4370 1106 4420 ineffabilem
1127 4370 1191 4419 enim
1208 4369 1413 4432 pulchritudinem
1435 4371 1566 4421 charicleae
1586 4387 1650 4431 esse,
1672 4386 1747 4422 nove·

961 4463 1024 4510 raul.
1057 4458 1103 4508 sed
1119 4461 1246 4521 postquam
1260 4461 1297 4507 est
1308 4459 1413 4508 adducta
1430 4464 1522 4509 etcum
1538 4461 1659 4510 incederet
1671 4461 1748 4510 oeulis

960 4548 984 4596 in
998 4549 1088 4597 terram
1100 4547 1198 4608 dejectis
1207 4549 1232 4595 et
1246 4546 1307 4596 lacis
1317 4559 1392 4609 usque
1403 4546 1434 4594 ad
1444 4547 1572 4609 supercilia
1584 4547 1672 4605 velata,
1685 4550 1748 4595 Nau·

960 4637 1028 4687 sicles
1042 4638 1069 4686 ut
1079 4637 1142 4684 beno
1154 4635 1235 4684 animo
1246 4637 1308 4684 esset
1322 4635 1503 4692 adhortaretur,
1517 4634 1652 4696 paullulum
1664 4635 1748 4685 oculos

960 4725 1058 4775 sustulit
1071 4724 1180 4786 viditque
1191 4737 1220 4774 ac
1234 4724 1284 4773 visa
1300 4727 1336 4773 est
1349 4725 1438 4787 praeter
1447 4736 1543 4772 omnem
1556 4736 1634 4785 spem,
1649 4727 1748 4786 repente

961 4814 1069 4876 ploratus
1086 4814 1118 4863 ab
1138 4812 1334 4863 omnibusslmul
1355 4811 1465 4861 sublatus
1486 4814 1560 4861 estet
1580 4815 1696 4874 tanquam
1717 4812 1749 4862 ad

960 4915 1037 4951 unum
1050 4902 1145 4963 signum
1161 4904 1204 4951 aut
1213 4901 1308 4964 plagam
1325 4900 1427 4951 eandem
1439 4900 1530 4962 ejulare
1541 4904 1674 4964 coeperuut.
1708 4903 1748 4952 Li·

960 4989 1077 5053 rebatque
1092 4990 1215 5040 audirent
1227 4989 1360 5053 plurimum
1378 5002 1418 5039 eas
1435 5002 1523 5050 νοοεε,
1535 5003 1551 5038 o
1564 4992 1670 5054 patene
1689 4991 1748 5052 tilia,

962 5092 1044 5130 revera
1054 5078 1188 5140 chariclea,
1198 5091 1249 5128 non
1262 5078 1352 5128 Thisbe
1364 5079 1502 5128 cuemonis.
1535 5079 1657 5129 ltausioles
1665 5082 1747 5130 autem

962 5181 1012 5234 prae
1023 5170 1120 5232 stupore
1129 5167 1322 5232 obmutescebat,
1332 5180 1389 5219 eum
1399 5167 1523 5218 calasinus
1534 5168 1674 5232 amplexum
1683 5168 1748 5218 clia·
