3726 5692
195 357 252 407 622

198 493 328 538 nostram
348 478 441 553 diligo
455 477 561 545 filiam,
576 474 693 553 perdidi
706 475 841 532 alienam.
860 472 989 547 Accepto

201 576 298 654 itaque
323 573 463 642 consilio,
488 572 576 628 indue
600 583 627 628 te
655 569 832 646 lugubribus
854 564 988 626 vestibus

197 687 226 732 et
251 674 324 731 fictis
344 671 480 749 lacrymis
501 691 508 726 ε
529 670 623 726 dicam
645 689 709 727 eam
725 666 866 728 stomachi
885 666 987 724 dolote

198 769 353 839 defecisse;
378 787 443 825 cnm
466 785 520 825 nos
536 767 586 824 tali
610 765 712 824 habitu
735 766 860 841 viderit,
877 763 984 823 credet.

173 867 273 927 nDum
290 866 350 923 haec
373 865 514 939 dicerent,
539 865 660 921 intrarit
679 863 854 941 Apollonius
868 861 986 919 domum

197 982 315 1034 eorum,
329 960 471 1019 revelavit
486 971 585 1037 caput,
601 972 629 1017 et
644 957 808 1017 abremovit
817 958 832 987 ⁴
845 956 985 1026 barbam,

199 1058 351 1136 adaperuit
367 1074 479 1114 comam
494 1074 511 1112 a
527 1054 632 1114 fronte.
655 1053 689 1111 lit
704 1066 735 1111 ut
746 1053 820 1112 vidit
833 1072 883 1111 eos
895 1054 987 1127 lugu-

198 1153 302 1213 bribus
317 1152 447 1211 vestibus
461 1151 579 1209 indutos
593 1163 622 1207 et
636 1163 808 1222 moerentes,
828 1150 868 1207 ait
890 1168 897 1208 :
914 1147 986 1205 llos·

199 1250 274 1328 pites
291 1248 469 1315 fidelissimi,
494 1247 519 1304 si
541 1260 636 1303 tamen
653 1246 683 1303 in
698 1245 783 1304 vobis
805 1244 898 1302 adbuc
917 1262 987 1321 per-

162 1365 187 1406 ro
202 1359 298 1406 manet
312 1346 368 1403 hoc
389 1364 513 1422 nomen,
530 1342 615 1421 quid,
631 1344 662 1401 in
677 1344 803 1402 adventu
818 1361 900 1413 meo,
923 1341 988 1399 fun·

200 1428 274 1502 ditis
283 1443 443 1519 lacrymas?
456 1440 492 1498 Et
503 1440 544 1498 ait
555 1440 674 1498 scelesta
688 1439 795 1498 mulier
806 1460 813 1497 τ
823 1437 941 1497 Utinam
951 1438 989 1495 ad

200 1560 287 1600 aures
307 1553 370 1598 tuas
391 1540 466 1598 alins
484 1539 667 1616 pertulisset,
684 1559 743 1597 non
759 1557 829 1614 ego,
850 1551 899 1594 aut
913 1556 989 1595 con-

197 1637 254 1715 jux
268 1640 365 1695 meus!
387 1636 458 1694 Nam
470 1635 588 1708 Tarsia,
605 1638 666 1694 filia
681 1649 744 1707 tua,
761 1635 914 1694 subitaneo
930 1635 989 1692 do-

201 1735 264 1792 lore
278 1734 393 1794 defecit.
410 1734 602 1811 Apollonius,
623 1747 684 1791 toto
707 1752 832 1811 corpore
848 1746 987 1802 tremens,

164 1848 189 1887 u>
207 1832 367 1910 depalluit,
392 1831 503 1908 diuque
524 1832 657 1890 confixus
680 1832 773 1902 stetit,
799 1830 990 1906 restitutoque

201 1929 325 2006 spiritu,
345 1927 449 1986 malam
475 1928 626 1985 mulierem
648 1928 765 1985 intuens
786 1926 826 1982 ait
847 1946 854 1981 :
875 1924 987 2001 Diony-

201 2025 274 2097 sias,
296 2024 413 2095 Tarsia,
439 2026 500 2082 lilia
516 2045 596 2096 mea,
621 2039 652 2082 ut
669 2026 770 2099 lingis,
794 2036 859 2080 ante
881 2042 989 2100 paucos

202 2119 264 2175 dies
288 2118 426 2189 tlccessit3
451 2118 501 2175 sed
524 2138 583 2175 non
606 2118 747 2196 pecunia,
773 2130 885 2185 vestes,
901 2135 989 2173 orna-

203 2225 301 2269 menta
316 2213 476 2289 perierunt.
494 2211 531 2266 At
550 2210 594 2267 illi
617 2210 770 2287 proferunt
785 2210 884 2266 onmia
897 2223 926 2266 et
944 2208 989 2266 tli-

163 2326 189 2365 ro
203 2317 272 2359 cunt
286 2324 292 2359 :
309 2302 401 2359 Crede
413 2303 578 2379 nobisquia
587 2304 601 2326 *
610 2306 744 2379 cupimus
757 2304 846 2359 liliam
857 2316 934 2359 tuam
944 2302 990 2359 in·

203 2395 346 2451 columem
360 2414 497 2470 regnare,
512 2396 588 2452 sicut
599 2394 660 2452 haec
674 2397 773 2453 omnia
785 2395 898 2452 damus.
912 2395 947 2452 Et
960 2408 991 2452 ut

203 2493 278 2551 scias
297 2513 350 2551 nos
364 2512 423 2549 non
443 2493 577 2562 mentiri,
593 2492 733 2550 babemus
751 2492 839 2568 hujus
855 2493 898 2550 rei
910 2494 990 2551 testi-

204 2587 347 2643 monium.
376 2585 463 2643 (lives
493 2586 589 2656 enim,
616 2604 757 2642 metueres
781 2585 990 2643 beneficiorum

205 2693 338 2756 tuorum,
357 2701 393 2738 ex
415 2699 471 2737 aere
491 2681 613 2753 collato,
635 2681 770 2757 proximo
790 2681 906 2756 littore,
924 2682 991 2738 liliae

163 2797 189 2835 as
204 2787 261 2833 tuae
284 2787 504 2831 monumentum
527 2775 667 2843 fecerunt,
687 2775 766 2852 quod
781 2788 863 2854 potes
877 2774 989 2833 videre.

205 2871 398 2949 Apollonius,
408 2870 463 2928 boc
475 2871 587 2942 audito,
601 2871 722 2930 credens
735 2890 799 2929 eam
813 2871 990 2944 defunctam,

204 2968 240 3025 ad
266 2968 391 3026 famulos
413 2968 454 3025 ait
474 2989 481 3025 ι
503 2966 611 3024 Tollite
632 2968 693 3025 lraec
708 2970 808 3026 omnia
822 2983 850 3026 et
867 2972 940 3028 fecte
959 2971 991 3028 in

148 3105 154 3114 ·
205 3084 326 3136 navem;
340 3085 394 3140 ego
406 3064 482 3122 vatlo
494 3065 529 3122 ad
546 3079 764 3124 monumentum
779 3067 845 3124 stliae
863 3087 941 3126 meae.
957 3071 992 3126 tlt

204 3162 256 3220 ubi
270 3163 350 3220 venit
359 3207 369 3236 ,
384 3161 453 3237 legit
473 3163 598 3234 titulum,
611 3163 711 3221 dicens
727 3186 733 3220 :
757 3184 850 3223 ctvns.
874 3186 993 3224 ranser-

166 3284 193 3323 ao
206 3279 263 3317 sns.
279 3280 391 3316 nansia.
408 3280 569 3316 aronnomr.
594 3280 682 3319 ricta.
701 3281 749 3320 nx.
766 3283 835 3319 aar.
852 3284 988 3324 comare.

206 3376 252 3415 on.
277 3376 460 3412 nnrnrrcrvn.
484 3375 560 3414 nrvs.
595 3360 811 3414 uoniuanrvn.
837 3380 992 3420 racanvar.

207 3452 396 3528 perlectoque
419 3453 518 3529 titulo,
534 3455 661 3530 stupenti
680 3468 775 3511 mente
796 3457 936 3516 constitit.
960 3458 993 3515 Et

209 3567 274 3605 cnm
294 3567 352 3604 non
372 3547 471 3619 fleret,
486 3549 576 3606 iratus
599 3548 749 3607 maledixit
764 3551 857 3609 oculis
871 3554 949 3627 suis,
966 3568 994 3611 et

209 3645 247 3701 ait
262 3666 269 3700 ι
282 3644 307 3700 0
321 3643 517 3701 crudelissimi
532 3644 609 3701 oculi
621 3687 629 3718 ,
643 3646 779 3720 potuistis
795 3646 910 3705 titulum
921 3662 995 3707 natae

168 3764 193 3804 ης,
209 3758 279 3796 meae
299 3739 393 3814 legere
415 3752 443 3794 et
466 3759 524 3795 non
539 3739 676 3815 potuistis
696 3740 838 3817 lacrymas
857 3743 994 3802 fundere?

208 3833 256 3891 Vae
277 3834 349 3890 mihi
365 3833 489 3890 misero!
510 3833 602 3904 Puto,
619 3835 680 3892 lilia
697 3856 761 3894 mea
775 3839 862 3895 vivit.
888 3838 923 3897 Et
939 3860 995 3899 ve-

210 3930 294 3987 niens
314 3929 351 3986 ad
366 3947 487 4000 navem,
510 3930 550 3986 ait
571 3930 607 3986 ad
629 3951 697 3990 suos
720 3932 884 4032 :Projicite
899 3956 944 3993 me
965 3938 995 3995 in

209 4028 350 4084 sentinam
363 4027 463 4098 navis3
478 4029 565 4107 cupio
579 4030 657 4086 enim
674 4032 704 4086 in
719 4031 806 4089 undis
820 4033 919 4090 elllare
933 4037 994 4112 spi·

210 4128 314 4192 ritum,
333 4142 398 4181 cum
413 4125 544 4183 interris
562 4126 654 4185 lucem
671 4126 779 4186 habere
793 4149 852 4187 non
868 4130 993 4189 licuerit.

174 4371 200 4410 w
463 4300 555 4364 (ΑΡ.
586 4301 743 4366 XXXlll.

251 4454 285 4512 lit
294 4456 363 4514 dum
374 4463 524 4539 prosperis
533 4463 651 4538 navigat
661 4465 768 4538 ventis,
778 4463 889 4541 'l'ytum
902 4483 1000 4525 rever·

212 4571 308 4626 surus,
323 4570 432 4615 mutata
444 4558 499 4615 lide
510 4561 623 4637 pelagi,
637 4580 689 4637 pet·
703 4561 821 4619 diversa
835 4564 923 4622 maris
938 4565 998 4622 dis·

212 4653 336 4711 crimina
353 4653 488 4730 jactatus,
501 4658 638 4716 omnibus
653 4660 745 4716 lleum
763 4661 949 4737 rogantibus,
963 4664 999 4721 ad

212 4746 371 4826 lllitylenen
395 4755 542 4812 civitatem
567 4757 693 4816 devenit.
719 4758 907 4819 Gubernator
934 4783 998 4819 cnm

177 4844 350 4904 thomnibus
369 4849 501 4924 plausum
526 4851 614 4911 dedit.
632 4853 808 4930 Apollonius
829 4857 870 4912 ait
892 4877 898 4913 :
921 4857 1000 4924 Quid

214 4957 303 4999 sonus
327 4944 482 5006 hilaritatis
502 4970 586 5007 aures
601 4970 678 5008 meas
703 4954 864 5029 percussit?
885 4952 1000 5012 Guber-

214 5050 299 5094 nator
324 5043 364 5097 ait
385 5045 524 5117 :Gaudc,
550 5049 704 5126 ilpolloni3
722 5051 796 5107 scias
816 5050 893 5107 enim
914 5050 1002 5109 hodie

214 5131 388 5212 Neptunalia
397 5157 468 5201 esse.
480 5144 656 5220 Apollonius
667 5146 810 5221 ingemuit
818 5159 846 5204 et
856 5147 912 5204 ait:
924 5146 1002 5224 Ergo

775 342 825 403 DE
845 334 1069 399 APOLLONIO
1089 334 1211 395 witto

1032 486 1133 525 omnes
1152 467 1230 524 diem
1247 465 1347 522 festam
1361 461 1505 521 celebrent
1523 476 1635 540 praeter
1647 482 1708 520 me.
1730 462 1765 520 Et
1776 484 1822 521 ro·

1032 583 1100 621 cans
1115 563 1343 642 dispensatorem
1360 581 1456 632 suum,
1469 561 1530 618 ait:
1545 560 1609 632 Ne,
1630 580 1695 619 non
1708 561 1820 637 lugens,

1032 661 1081 718 sed
1089 681 1194 719 avarus
1203 661 1316 732 videar,
1325 660 1451 719 sufficiat
1460 659 1556 716 servis
1564 659 1643 717 meis
1652 657 1690 717 ad
1699 678 1819 737 poenam,

1031 759 1111 834 quod
1135 778 1181 816 me
1200 771 1256 816 tam
1276 758 1421 816 infelicem
1443 757 1539 815 sortiti
1563 769 1637 814 sunt
1654 756 1819 827 dominum

1031 856 1109 914 dona
1118 876 1189 932 ergo
1203 855 1228 913 X
1239 876 1342 915 aureos
1351 857 1464 934 pueris,
1474 867 1506 912 ut
1515 867 1635 928 emant,
1646 856 1673 913 si
1688 855 1762 932 quid
1774 876 1838 919 roa

1031 952 1112 1023 lunt,
1125 965 1154 1010 et
1165 952 1241 1010 diem
1255 953 1356 1011 sestam
1371 951 1534 1022 celebrent3
1552 970 1601 1008 me
1616 965 1718 1010 autom
1732 966 1820 1011 vetoa

1031 1068 1179 1125 quoquam
1191 1049 1303 1107 vocari.
1316 1048 1428 1118 Quodsi
1438 1048 1504 1123 quis
1519 1066 1681 1105 servorum
1695 1068 1820 1107 meorum

1033 1144 1150 1216 fecerit,
1172 1164 1260 1202 crura
1279 1144 1343 1220 ejus
1359 1143 1544 1217 frangentur,
1570 1142 1654 1201 liber
1675 1144 1703 1202 si
1725 1144 1819 1215 fuerit,

1034 1244 1141 1302 malum
1150 1240 1294 1300 libertatis
1301 1241 1435 1318 accipiet.
1445 1239 1542 1298 lllirati
1553 1253 1626 1298 sunt
1636 1260 1746 1300 omnes
1753 1240 1822 1318 quod

1033 1359 1064 1398 se
1085 1341 1126 1398 ita
1138 1338 1304 1414 obligasset.
1321 1338 1510 1415 Dispensator
1534 1357 1625 1409 vero,
1645 1359 1715 1417 qnae
1729 1358 1817 1397 neoet·
1829 1370 1846 1405 ῃ

1036 1435 1113 1493 saria
1127 1446 1224 1505 erant,
1239 1434 1324 1505 emit,
1339 1446 1367 1492 et
1393 1435 1469 1491 reliit
1488 1432 1525 1491 ad
1541 1453 1669 1506 navem;
1686 1447 1716 1492 et
1729 1446 1821 1492 ornato

1033 1532 1170 1608 navigio,
1187 1532 1246 1590 laeti
1261 1529 1471 1589 discubuerunt
1483 1550 1597 1590 omnes.

1286 1691 1381 1758 CAP.
1409 1692 1567 1758 XXXll'.

1074 1836 1144 1906 Sed,
1166 1836 1234 1893 dum
1255 1838 1454 1914 epularentur,
1471 1838 1755 1913 Antinagorasrex,
1775 1841 1817 1916 qul

1033 1933 1165 1992 'larsiam
1188 1946 1219 1991 ut
1239 1934 1330 1991 filiam
1346 1954 1427 1992 suani
1451 1933 1612 2009 diligebat,
1639 1934 1817 1994 deambulans
1828 1942 1843 1979 ¹³

1033 2044 1060 2087 et
1073 2031 1192 2088 navium
1208 2030 1404 2088 celebritatem
1419 2030 1623 2100 considerans,
1636 2032 1712 2090 vidit
1723 2051 1814 2091 narem

1035 2129 1185 2206 Apollonii
1201 2128 1314 2185 caeteris
1334 2127 1462 2185 navibus
1483 2128 1689 2205 pulchriorem
1701 2144 1729 2187 et
1740 2147 1815 2186 nrm·

1036 2227 1139 2283 tiorem
1150 2270 1158 2296 ,
1170 2239 1198 2282 et
1211 2227 1251 2282 ait
1265 2225 1301 2283 ad
1316 2244 1385 2283 suos
1399 2246 1406 2280 ε
1424 2224 1497 2282 Ecce
1512 2225 1565 2281 illa
1578 2228 1668 2284 navis
1681 2228 1751 2285 milti
1764 2226 1816 2305 pla·

1035 2336 1089 2393 cet,
1102 2343 1189 2400 quam
1200 2323 1287 2381 video
1297 2335 1437 2400 paratam.
1449 2320 1549 2378 Nautae
1559 2321 1715 2381 audientes
1725 2340 1813 2381 narem

1035 2441 1116 2479 suam
1137 2421 1265 2493 laudari,
1286 2420 1388 2477 dicunt
1410 2441 1417 2476 :
1442 2419 1606 2477 lnvitamus
1628 2433 1673 2495 te,
1694 2423 1839 2499 princeps*

1036 2519 1205 2593 magnifice,
1218 2519 1243 2576 si
1255 2517 1376 2593 dignum
1389 2517 1483 2575 ducis.
1499 2517 1699 2591 sintinagoras
1710 2518 1812 2575 descen·

1035 2615 1106 2675 dens
1118 2613 1222 2672 libenti
1238 2614 1336 2672 animo
1348 2612 1511 2683 discubuit;
1524 2625 1553 2668 et
1566 2613 1668 2689 posuit
1686 2612 1709 2669 X
1725 2631 1811 2670 aureos

1036 2713 1067 2770 in
1082 2732 1180 2770 mensa
1193 2725 1222 2769 et
1234 2712 1274 2769 ait
1287 2733 1295 2768 t
1312 2709 1386 2767 Ecce
1398 2729 1434 2767 ne
1449 2728 1495 2766 me
1506 2710 1599 2784 gratis
1618 2710 1807 2769 invitaveritis.

1035 2812 1142 2869 Omnes
1157 2830 1228 2886 ergo
1242 2830 1300 2867 nna
1314 2828 1385 2865 voce
1404 2808 1542 2865 dixerunt
1557 2830 1563 2863 :
1584 2808 1664 2865 Bene
1679 2827 1731 2866 nos
1743 2825 1809 2865 acoe-

1036 2907 1118 2983 pisti,
1146 2906 1278 2963 Domine.
1295 2903 1489 2978 Antinagoras
1511 2902 1618 2960 videns
1633 2922 1732 2961 omnes
1748 2920 1834 2961 una-a

1037 3005 1130 3060 nimes
1142 3000 1369 3072 discmnbentes,
1384 3020 1437 3056 nec
1448 3001 1524 3057 inter
1534 3019 1586 3058 eos
1599 3000 1738 3077 majorem
1749 3016 1808 3073 esst,

1037 3101 1077 3158 ait
1106 3119 1113 3158 :
1139 3099 1217 3168 Qnid
1246 3116 1347 3155 omnes
1373 3097 1415 3154 sic
1441 3097 1593 3154 licentiose
1627 3094 1809 3156 discumbitis?

1036 3197 1109 3266 Quis
1123 3209 1166 3253 est
1179 3196 1316 3253 dominns
1336 3195 1438 3253 navis?
1459 3191 1650 3252 Gubernator
1663 3196 1702 3252 ait
1715 3216 1722 3251 z
1737 3192 1809 3251 Xaris

1037 3293 1173 3350 dominus
1186 3294 1216 3350 in
1232 3293 1313 3350 luctu
1329 3305 1469 3361 moratur,
1484 3290 1538 3348 sub
1559 3293 1690 3350 sentina.
1703 3291 1733 3350 ln
1744 3304 1809 3347 tene·

1037 3390 1099 3449 bris
1124 3392 1202 3448 enim
1226 3389 1384 3447 destinavit
1404 3388 1497 3460 mori,
1517 3388 1549 3445 in
1574 3390 1649 3446 mari
1675 3387 1833 3464 conjugem*

1037 3487 1179 3565 perdidit,
1201 3501 1229 3544 ct
1243 3488 1275 3544 in
1289 3487 1375 3544 terris
1390 3486 1491 3544 liliam.
1511 3485 1710 3561 Antinagoras
1728 3496 1807 3541 autem

1038 3585 1072 3643 ad
1095 3605 1184 3643 unum
1203 3585 1239 3642 dc
1259 3585 1371 3654 servis,
1394 3582 1583 3640 Ardelionem
1606 3584 1740 3649 nomine,
1754 3580 1805 3636 ait:

1039 3682 1120 3741 Dabo
1131 3683 1185 3741 tibi
1198 3682 1270 3740 duos
1281 3701 1403 3747 aureos;
1418 3679 1560 3738 descende
1570 3693 1599 3737 et
1611 3681 1660 3737 dic
1671 3682 1698 3738 ei
1712 3702 1718 3735 :
1735 3678 1807 3751 Rogat

1039 3795 1065 3839 te
1077 3783 1283 3856 Antinagoras,
1298 3780 1436 3856 princeps
1451 3776 1537 3853 hujus
1551 3778 1698 3853 civitatis,
1711 3789 1740 3835 ut
1752 3792 1807 3854 pru·

1039 3879 1123 3936 cedas
1143 3879 1178 3936 de
1200 3875 1328 3934 tenebris
1351 3875 1388 3932 ad
1418 3875 1521 3933 lucem.
1543 3872 1671 3932 lurenis
1691 3874 1730 3931 ait
1749 3894 1756 3929 ι
1775 3870 1828 3926 Bt!

1039 3976 1154 4034 duobus
1178 3975 1290 4045 aureis,
1307 3986 1432 4050 quatuor
1450 3971 1519 4030 dare
1540 3973 1625 4041 rolo,
1646 3985 1675 4029 et
1689 3966 1804 4028 cruribus

1041 4075 1134 4148 frangi
1153 4073 1233 4131 nolo.
1250 4068 1321 4128 barii
1337 4072 1363 4128 si
1378 4090 1496 4149 possum
1516 4069 1553 4126 de
1567 4068 1687 4127 duobus
1702 4064 1804 4147 pedibu

1039 4169 1286 4249 quatuorlrabere,
1297 4188 1411 4226 causam
1421 4168 1435 4198 ⁴
1444 4181 1500 4224 tam
1512 4168 1603 4225 vilem
1614 4168 1690 4225 inter
1702 4184 1751 4224 nos
1761 4178 1804 4221 nott

1039 4269 1179 4327 invenisti
1194 4289 1280 4345 quam
1297 4286 1352 4324 me.
1371 4266 1475 4336 Qnaere
1488 4266 1579 4322 alium
1596 4267 1647 4341 qui
1663 4279 1723 4342 eat,
1735 4274 1803 4339 qum

1039 4366 1126 4445 jussit
1135 4379 1178 4437 nt,
1190 4367 1241 4442 qui
1255 4386 1321 4423 eum
1335 4365 1545 4442 appellaverit,
1558 4383 1646 4421 crura
1661 4360 1824 4422 iltiustnrt

1040 4479 1154 4542 gantur.
1170 4464 1365 4540 nntinagoras
1379 4464 1419 4520 ait
1434 4483 1440 4518 :
1459 4462 1539 4519 llanc
1554 4460 1647 4536 legem
1667 4459 1747 4517 robis
1761 4466 1800 4513 tlt-

1042 4564 1112 4635 tuit,
1125 4583 1184 4620 non
1197 4561 1269 4618 mihi
1282 4580 1367 4637 quem
1386 4562 1512 4637 ignorat.
1528 4557 1589 4634 Ego
1605 4544 1800 4616 descendamd

1041 4680 1124 4732 eum;
1141 4659 1267 4718 indicate
1286 4658 1359 4715 milri
1381 4677 1487 4716 nomen
1504 4657 1598 4714 illius.
1615 4654 1723 4713 famuli
1735 4650 1800 4707 dixe

1042 4772 1112 4817 runt
1131 4780 1137 4815 :
1155 4757 1264 4834 Tyrius
1283 4756 1466 4833 Apollonius.
1491 4755 1705 4829 Antinagoras,
1726 4742 1800 4806 atttlll⁰

1043 4858 1176 4927 nomine,
1193 4857 1233 4912 ait
1245 4855 1321 4910 intra
1335 4873 1366 4910 se
1387 4875 1393 4910 :
1409 4853 1444 4909 Et
1458 4851 1484 4909 'l'
1486 4855 1563 4910 arsia
1578 4864 1691 4930 patrem
1706 4838 1824 4926 Apollo-⁸⁵

1044 4956 1124 5012 nium
1152 4950 1333 5011 nominabat.
1358 4950 1392 5007 Et
1416 4949 1686 5010 demonstrantibus
1709 4939 1800 5025 puerili

1044 5053 1178 5131 pervenit
1193 5051 1228 5109 ad
1241 5069 1318 5109 enm.
1333 5049 1425 5119 Quem
1441 5062 1473 5107 ut
1485 5047 1559 5105 vidit
1572 5046 1669 5107 barba
1680 5042 1801 5122 capitem!

1045 5147 1210 5226 squalidum
1225 5160 1254 5203 et
1272 5145 1442 5218 sordidum,
1469 5148 1498 5202 in
1520 5144 1652 5204 tenebris
1669 5143 1801 5222 jacentem
