3726 5692
851 369 963 428 Liliilli
987 367 1025 426 V.
1707 380 1743 430 35

120 493 208 576 τούτῳ
232 494 264 565 δὴ
289 494 449 560 θΜενέλαος
471 495 668 575 ἐπεισέρχεται,
692 496 738 553 καὶ
760 500 773 553 θ
799 495 917 575 Σάτυρος
962 505 1052 561 rentur,
1067 502 1189 551 Menelaus
1203 505 1227 551 et
1242 506 1341 564 Satyrus
1354 503 1384 551 ari
1405 516 1448 552 nos
1466 504 1563 565 ingressi
1581 507 1654 552 sunt:
1670 508 1743 567 atque

123 583 182 660 μετ’
197 584 297 658 αὐτοῦ,
313 582 358 640 καὶ
378 582 422 641 τόν
443 607 470 641 τε
490 586 612 642 Κλεινίαν
626 583 848 662 περιπτύσσονται
872 584 916 641 καὶ
962 591 1034 640 ambo
1048 591 1150 640 Cliniam
1172 590 1291 653 amplexi,
1307 595 1331 640 et
1354 591 1384 640 de
1405 594 1454 640 tota
1470 606 1525 640 rea
1544 593 1612 640 nobis
1635 594 1747 642 certiores

126 671 289 749 μανθάνουσι
301 674 367 748 παρ’
378 675 455 744 ἡμῶν
471 670 504 729 τδι
519 673 704 752 πεπραγμένα.
750 673 804 730 Καὶ
826 677 839 730 δ
862 672 917 731 Σοί·
961 679 1016 728 iacti
1033 679 1138 728 inerunt.
1173 682 1204 728 ut
1226 682 1325 740 satyrus
1347 679 1631 729 tibiiicetetrestuas
1652 681 1748 730 intuto

125 782 222 839 τυρος,
243 758 311 819 ’tii'
331 758 386 816 ἔστι
405 782 461 830 σοι,
486 758 551 836 ἔφη,
571 761 617 817 καί
631 759 664 817 τὰ
688 760 806 839 παρόντα
829 760 917 818 θέσθαι
961 768 1080 817 collocare
1093 769 1215 829 animique
1234 768 1270 815 tui
1290 781 1372 816 amore
1392 768 1602 829 ‹leiiagrantisnna
1623 770 1746 818 misereri:

96 873 110 909 s
127 849 217 912 καλῶς
227 843 271 903 καὶ
283 845 486 926 ίλεῆσαιψυχὴν
497 848 590 906 {nicol
602 848 774 928 φλεγομένην.
789 847 917 907 ’Λιιουέτω
962 853 1043 902 audiat
1061 865 1119 902 vero
1138 857 1163 902 et
1177 853 1263 903 Clinia.
1297 857 1452 916 Permagnam
1474 857 1528 904 irnic
1547 857 1684 906 felicitatem
1700 860 1747 905 ve·

131 934 165 1005 δὴ
186 934 231 992 καὶ
254 936 269 991 θ
290 933 423 999 Κλεινίας.
466 933 501 992 Ἣ
522 933 574 1012 γδιρ
590 935 729 1015 Ἀφροδίτη
747 935 814 1012 μέγα
835 935 918 1016 τούτῳ
962 955 1008 991 nus
1024 942 1204 992 οεῑοαθίῐεοοθ
1219 956 1293 1004 quam
1305 944 1354 1005 ipse
1366 944 1432 992 niiriii
1450 945 1582 994 taciendam
1597 948 1750 1007 putatzmu·

133 1019 264 1100 παρέσχεν
282 1020 389 1096 ἀγαθὸν,
412 1021 464 1079 ὁδ’
482 1024 530 1080 οὐκ
552 1022 633 1080 ἐθέλει
654 1023 757 1084 λαθεῖν.
802 1025 917 1082 Γυναῖκα
962 1030 1046 1080 iierem
1057 1033 1121 1079 eninr
1136 1031 1263 1093 Ephesiam
1274 1032 1325 1093 ejus
1337 1045 1420 1080 aurore
1431 1032 1570 1095 flagrantem
1588 1034 1617 1082 ad
1633 1034 1749 1082 insaniam

129 1109 182 1187 γὰρ
194 1106 318 1185 ἔξίμηνεν
333 1108 374 1165 ἐπ’
386 1109 464 1167 αὐτὸν
479 1109 548 1166 ποίνυ
562 1110 658 1185 καλὴν,
676 1108 739 1169 ὥστ’
752 1111 783 1169 διν
797 1110 858 1169 ἰδὼν
871 1114 919 1168 αὖ·
964 1132 1039 1180 usque
1052 1121 1178 1182 compulit,
1195 1122 1271 1168 torma
1289 1121 1351 1169 bona
1369 1134 1435 1182 sane,
1449 1124 1474 1170 et
1490 1135 1562 1182 qrram
1579 1135 1654 1185 quum
1669 1123 1750 1173 rideas

128 1195 176 1268 τήν
199 1195 284 1263 εἴποις
307 1195 432 1273 ἄγαλμα,
450 1196 578 1279 Ἐφεσίαν
598 1199 628 1256 τδ
642 1197 734 1277 γένος,
755 1198 837 1276 ὄνομα
860 1203 918 1259 Με-
963 1209 1014 1258 deae
1028 1208 1123 1270 imagini
1137 1208 1239 1258 similem
1250 1208 1344 1269 judices
1363 1224 1370 1257 :
1394 1209 1556 1259 Melitensem
1578 1213 1675 1272 vocant,
1690 1211 1752 1260 diri·

89 1286 233 1358 ιυλίττην·
258 1287 369 1352 πλοῦτος
397 1285 477 1351 πολθς
508 1284 553 1345 καὶ
574 1286 665 1357 ἡλιαία
695 1285 752 1347 νέα.
802 1287 919 1358 Τέθνηκε
964 1301 1023 1358 tern,
1037 1299 1297 1358 atqueoetctetenera.
1331 1300 1392 1355 Quae
1405 1311 1480 1359 quum
1493 1298 1572 1347 virum
1588 1300 1680 1361 pridem
1692 1314 1750 1348 nau·

126 1376 150 1434 δ’
173 1376 257 1445 αὐτῆς
278 1374 437 1455 προσφάτως
460 1372 611 1455 dissipatoris
633 1374 782 1434 θάλασσαν·
799 1376 920 1454 βούλεται
965 1386 1039 1447 tragio
1062 1386 1183 1445 annuerit,
1207 1385 1272 1434 hunc
1290 1386 1334 1434 sibi
1356 1386 1494 1448 dominum,
1522 1400 1569 1435 non
1591 1388 1655 1437 enim
1677 1389 1750 1437 mari-

125 1462 155 1521 δί
180 1467 274 1521 τοῦτον
295 1461 365 1542 ἔχειν
390 1463 535 1535 δεσπότην·
559 1465 588 1522 οὐ
613 1464 664 1542 γὰρ
687 1464 768 1544 ἄνδρα
786 1467 850 1544 δρῶ·
875 1465 920 1523 καί
964 1474 1016 1520 tum
1032 1471 1125 1533 dicam,
1148 1475 1279 1534 praeoptat,
1300 1472 1370 1534 eique
1391 1486 1417 1520 se
1431 1476 1456 1522 et
1471 1475 1579 1522 tortunas
1597 1487 1682 1522 omnes
1696 1486 1752 1523 suos

126 1551 236 1609 δίδωσιν
251 1551 348 1622 ἑαυτὴν
363 1551 408 1610 καὶ
419 1561 508 1610 πᾶσαν
521 1555 616 1623 ἑαυτῆς
627 1552 674 1623 clu
688 1553 787 1610 οὐσίαν.
820 1555 861 1613 Δι’
874 1554 921 1610 αὐ·
965 1559 1039 1609 dedit.
1073 1558 1152 1620 Quid,
1174 1560 1239 1622 qnod
1262 1559 1314 1621 ejus
1333 1561 1405 1609 etiam
1425 1575 1498 1609 cnusa
1523 1562 1584 1609 duos
1605 1562 1644 1610 iric
1660 1575 1752 1611 menses
1859 1574 1861 1579 ·

127 1641 174 1700 τδν
192 1642 246 1721 pi?
261 1641 308 1700 δίο
323 1647 407 1719 μῆνας
421 1649 465 1700 νῦν
484 1643 574 1700 ένθοίδε
589 1640 728 1721 διέτριψεν,
744 1645 921 1712 ἀκολουθῆσαι
965 1650 1128 1710 consumpsit,
1146 1648 1281 1708 hominem,
1300 1651 1327 1697 ut
1346 1662 1372 1696 se
1384 1652 1535 1710 sequeretur,
1555 1649 1693 1699 obtestans?
1713 1650 1752 1698 iric

87 1747 113 1788 1ο
127 1729 253 1806 δεομένη.
298 1728 332 1790 ‘0
353 1731 376 1787 δ’
391 1732 438 1788 οὐκ
453 1721 512 1789 οἶδα
527 1730 552 1787 τί
575 1729 667 1788 παθὼν
682 1731 855 1812 ὑπερηφανεῖ,
871 1753 919 1789 νο·
967 1749 1023 1785 sero
1035 1749 1088 1785 eam
1099 1735 1215 1798 despicit.
1231 1748 1309 1797 neque
1320 1737 1368 1785 scio
1380 1736 1403 1784 id
1416 1738 1573 1799 quamobrem
1589 1739 1672 1798 iaciat,
1690 1741 1752 1787 Leu-

128 1821 213 1895 μίζων
229 1822 302 1900 αὐτῷ
317 1822 472 1890 Λευκίππην
486 1819 692 1879 σίναὸιώσεσθαι.
966 1824 1051 1887 cippen
1062 1823 1106 1873 sibi
1118 1837 1133 1872 a
1145 1823 1248 1873 mortuis
1259 1823 1390 1872 excitatum
1406 1824 1433 1871 iri
1445 1828 1539 1886 putans.

171 1906 233 1967 lB‘.
258 1906 313 1967 Καὶ
327 1911 341 1965 δ
356 1908 491 1983 Κλεινίας,
513 1910 572 1967 Οὐκ
587 1906 640 1965 ἀπὸ
652 1906 750 1986 τρόπου
775 1908 846 1964 δοκεῖ
859 1929 920 1983 μοι,
998 1920 1051 1967 iiii.
1076 1919 1139 1965 Tum
1160 1917 1252 1976 clinia,
1272 1918 1359 1977 Recte,
1381 1917 1472 1979 inquit,
1491 1921 1590 1980 Satyrus
1609 1919 1674 1980 ioqui
1694 1919 1753 1967 mitri

128 1996 222 2076 φησὶν,
239 1999 254 2053 δ
270 1996 388 2074 Σάτυρος
402 1996 497 2072 λέγειν.
541 1995 646 2060 Κάλλας
660 1995 711 2075 γὰρ
733 1994 778 2052 καὶ
797 1997 921 2069 πλοῦτος,
968 2004 1070 2054 ridetur.
1099 2005 1161 2065 Quid
1173 2006 1238 2054 enim
1250 2005 1404 2053 cunctatione
1415 2018 1476 2067 opus
1485 2006 1525 2065 sit,
1538 2005 1579 2053 ubi
1589 2005 1752 2068 pulchritudo,

128 2083 179 2142 καί
194 2082 261 2162 ἔρως
277 2084 301 2141 εἰ
314 2084 440 2153 συνῆλθον
455 2083 498 2140 ἐπὶ
517 2081 561 2153 σὲ,
574 2084 623 2161 οὐχ
644 2082 721 2162 ἕδρας
742 2081 850 2161 (ἔργον)
868 2084 922 2140 οὐδ’
967 2094 1073 2154 diritiae,
1085 2107 1155 2142 arnor
1167 2093 1210 2143 tini
1224 2106 1275 2142 sese
1286 2093 1406 2142 oderant?
1420 2094 1577 2143 Puiclrritudo
1589 2096 1652 2143 enim
1663 2096 1693 2143 ad
1709 2109 1752 2144 ιο-

88 2199 117 2238 w
130 2170 279 2242 ἄνυδολῆς.
322 2171 362 2231 Τὸ
378 2169 426 2247 μέν
440 2171 491 2250 γδρ
506 2172 602 2237 κάλλος
620 2169 725 2242 ἡδονὴν,
740 2172 753 2226 ὁ
767 2170 793 2227 δὲ
813 2173 922 2237 πλοῦτος
968 2182 1072 2244 Ιυρῑαῑοι
1093 2181 1263 2244 periruendns,
1283 2181 1375 2231 diritioe
1394 2181 1425 2230 ad
1445 2196 1504 2233 usus
1517 2183 1573 2232 vitiu
1593 2184 1753 2246 necessarios,

128 2259 250 2341 τρυφὴν,
273 2263 288 2318 θ
304 2259 327 2317 δ’
342 2258 406 2339 ἔρως
423 2261 488 2318 αἰδῶ
508 2259 639 2337 (δίδωσι).
688 2259 769 2318 θΙισεῖ
792 2259 814 2315 δ’
833 2264 847 2317 θ
869 2260 924 2325 θεὸς
968 2284 1036 2319 amor
1047 2270 1077 2320 ad
1092 2271 1294 2319 existimationem
1307 2270 1349 2319 tibi
1362 2270 1506 2333 parandam,
1519 2272 1599 2319 omnia
1611 2275 1752 2334 suppetunt.

130 2348 193 2413 τοὺς
208 2348 348 2415 ἀλαζόνας.
391 2349 464 2428 Φέρε
480 2347 601 2417 πείσθητι
621 2349 659 2427 τῷ
675 2345 788 2427 Σατύρῳ
809 2347 854 2404 καί
873 2347 922 2426 χοί-
968 2359 1068 2422 Superbi
1079 2359 1211 2413 deolnrisi.
1225 2363 1311 2421 satyro
1322 2359 1481 2420 obtemperes,
1493 2359 1531 2409 dei
1542 2361 1660 2409 voluntati
1669 2364 1693 2410 ie
1703 2374 1755 2424 per·

131 2460 207 2516 ρισαι
232 2440 270 2515 τῷ
293 2441 352 2515 θεῷ.
398 2435 481 2514 Κάγὼ
509 2435 651 2510 στενάξας,
677 2433 739 2512 ’Λγε
763 2459 813 2511 με,
842 2426 923 2506 εἷπον,
944 2464 946 2505 ς
968 2448 1057 2497 mittas.
1090 2451 1152 2497 Tum
1160 2448 1341 2510 egosuspirans,
1351 2446 1467 2507 agedon,
1476 2447 1585 2508 inquam,
1594 2446 1642 2496 due
1655 2460 1693 2496 me
1705 2461 1754 2510 quo

130 2527 194 2582 δποι
211 2522 308 2595 θέλεις,
329 2524 352 2580 εἰ
372 2522 417 2580 καί
432 2521 543 2603 Κλεινίφι
565 2526 641 2580 τοῦτο
657 2523 742 2582 δοκεῖ·
756 2522 833 2598 μόνον
854 2520 923 2589 ὅπως
944 2520 947 2557 ⁵
969 2535 1046 2598 iubet,
1062 2535 1179 2598 siquidem
1200 2536 1232 2583 ita
1249 2536 1333 2585 Giininr
1349 2548 1447 2597 quoque
1465 2534 1568 2584 ridetur.
1602 2538 1754 2585 Tantumne

89 2635 117 2676 n
131 2613 165 2670 τὸ
185 2609 293 2688 γύναιόν
319 2633 364 2687 μοι
390 2608 427 2686 μὴ
458 2610 563 2689 παρέχῃ
592 2610 753 2689 πράγματα,
784 2611 923 2688 ἔπείγουσα
944 2652 947 2703 Ι
968 2623 1173 2674 mulierculahcec
1186 2623 1288 2672 molesta
1302 2623 1360 2671 rniiri
1375 2624 1419 2680 sit,
1434 2636 1484 2672 rem
1501 2626 1557 2671 ante
1577 2624 1658 2684 pertici
1671 2628 1754 2686 postu·

128 2700 197 2778 πρθς
220 2700 251 2757 τὸ
270 2697 357 2778 ἔργον,
377 2698 430 2757 ἔστ’
452 2697 483 2756 διν
505 2701 540 2766 εἰς
556 2698 605 2767 τὴν
619 2697 734 2779 Ἔφεσον
757 2699 921 2779 ἀφικώμεθα.
944 2718 947 2747 ¹
969 2713 1033 2771 ians,
1047 2726 1121 2774 quam
1133 2712 1254 2774 Ephesum
1266 2712 1454 2774 pervenerimus.
1488 2712 1571 2761 iuravi
1584 2713 1648 2761 enim
1663 2713 1752 2761 nemini

132 2790 238 2849 Φθάνω
250 2787 303 2869 γὰρ
319 2787 516 2863 δπομοσοίμινος
532 2789 641 2845 ἐνταῦθα
655 2787 693 2865 μὴ
708 2788 848 2857 συνελθεῖν,
864 2786 923 2845 ἔνθα
944 2755 947 2821 l
969 2814 1007 2849 me
1032 2813 1139 2863 unquam
1158 2799 1197 2848 iric
1215 2800 1261 2849 mei
1280 2800 1374 2861 copiam
1399 2801 1534 2862 iacturum,
1556 2800 1597 2848 ulii
1619 2802 1754 2863 Leucippen

132 2877 294 2948 Λευκίππην
314 2875 481 2935 ἀπολώλεκα.
523 2876 608 2935 Ταῦτ’
630 2875 744 2942 ἄκου’σας
765 2874 924 2954 θΣοίτυρος,
969 2889 1047 2939 amisi.
1080 2888 1173 2948 Quibus
1183 2889 1280 2949 auditis,
1293 2889 1527 2951 Satyrusevesiigio
1537 2888 1566 2937 ad
1577 2890 1673 2938 itieliten
1683 2903 1755 2939 eran·

131 2963 296 3077 προστρέχει
309 2963 373 3042 πρὸς
386 2962 434 3033 τὴν
451 2962 585 3034 Μελίττην
600 2963 740 3039 εὐαγγέλια
755 2961 851 3042 φέρων.
868 2964 923 3022 Καὶ
969 2978 1029 3039 geiia
1040 2977 1118 3026 terens
1129 2977 1256 3027 cucurrit:
1270 2979 1343 3038 atque
1355 2977 1420 3026 lund
1437 2977 1470 3025 iia
1484 2978 1560 3026 mutto
1573 2979 1626 3038 post
1636 2991 1754 3038 reversus,

90 3078 118 3118 nn
133 3053 231 3131 μικρὸν
242 3057 314 3117 αυθῑς
326 3049 453 3109 διαλιπὼν
467 3051 652 3130 ‘wlfelm’
664 3049 757 3128 ligni,
770 3049 921 3108 duodennes
969 3078 997 3113 ea
1011 3078 1036 3113 re
1049 3066 1158 3125 cognita,
1171 3078 1222 3128 prae
1234 3065 1307 3113 nimia
1319 3065 1443 3126 voluptate
1453 3065 1614 3114 exanimatam
1628 3078 1687 3127 pene
1696 3080 1756 3116 con·

130 3141 183 3213 τὴν
194 3140 308 3221 γυναῖκα
322 3140 365 3220 ὑφ’
380 3139 474 3209 ἡδονῆς
483 3137 559 3215 παρθι
576 3138 669 3217 μικρὸν
684 3135 731 3207 τὴν
747 3137 833 3217 ψυχὴν
849 3140 921 3215 <lipti-
969 3152 1054 3202 cidisse
1067 3153 1166 3203 retulit:
1178 3166 1265 3215 meque
1278 3153 1309 3201 ad
1325 3153 1388 3202 illam
1403 3166 1431 3202 oo
1443 3153 1494 3214 ipso
1503 3156 1625 3203 coenatum
1636 3155 1669 3203 ire
1684 3167 1756 3217 opor·

130 3252 189 3289 ναι.
239 3231 348 3287 Δεῖσθαι
369 3225 392 3284 δ’
412 3224 485 3296 ἥκειν
513 3229 549 3294 ὡς
575 3226 657 3296 αὐτὴν
678 3225 851 3297 δειπνήσοντα
877 3223 923 3296 τὴν
969 3243 1035 3302 iere,
1048 3243 1077 3290 ut
1089 3241 1229 3304 nuptiarum
1243 3243 1338 3292 initium
1353 3243 1495 3291 laceremus.
1528 3245 1612 3304 ltaque
1625 3242 1757 3293 obediriei

131 3315 239 3397 ἡμέραν
253 3314 347 3395 γάμων
363 3314 509 3394 προοίμιον.
552 3315 696 3385 Ἐπείσθην
710 3315 754 3373 καὶ
769 3313 890 3394 ᾠχόμην.
971 3328 1019 3389 (ad
1032 3328 1175 3391 mulierem)
1190 3332 1339 3380 mecontnii.

174 3406 233 3469 ii.
257 3403 293 3464 ‘ll
306 3406 329 3462 δ’
341 3406 376 3469 ὡς
387 3393 441 3461 εἶδέ
454 3426 503 3480 με,
524 3407 687 3482 &voluptrios
706 3403 859 3482 περιθάλλει
878 3400 925 3460 καὶ
1002 3420 1068 3467 xiii.
1087 3422 1148 3477 Qun
1167 3420 1268 3468 simulne
1281 3432 1321 3468 ωε
1335 3418 1470 3482 conspexit,
1483 3418 1617 3481 prosiliens,
1629 3419 1756 3481 complexu

91 3514 118 3556 κ
131 3502 189 3554 πᾶν
204 3516 256 3569 μου
268 3493 298 3552 τὸ
309 3492 449 3572 πρόσωπον
464 3492 614 3568 ἐμπίπλησι
626 3492 792 3572 φιλημάτων.
829 3481 884 3551 Ἦν
898 3491 924 3549 δέ
970 3506 1151 3569 innumerisque
1170 3505 1398 3556 dissuasistionibus
1421 3506 1522 3567 accepit.
1561 3509 1619 3555 Erat
1640 3520 1697 3556 sene
1718 3509 1757 3557 iiia

131 3587 174 3663 τῷ
194 3581 251 3641 ὄντι
279 3579 348 3652 καλὴ
373 3580 418 3639 καὶ
442 3580 555 3658 γάλακτι
577 3580 624 3654 μέν
647 3580 678 3639 θν
701 3570 771 3647 εἶπες
792 3582 872 3653 αὐτῆς
895 3582 924 3639 τὸ
969 3595 1089 3654 tormosn,
1106 3595 1170 3644 lacte
1183 3594 1246 3645 iliius
1265 3593 1488 3643 ruitumdiiinsum
1502 3593 1585 3653 dicen,
1600 3595 1666 3656 genis
1679 3608 1757 3645 rosam

131 3672 278 3751 πρόσωπον
290 3668 441 3747 κεκρίσθαι,
456 3669 529 3749 ῥόδθν
545 3669 569 3726 δ’
583 3672 793 3750 immisisti
805 3670 862 3735 ταῖς
873 3693 924 3728 πα·
970 3690 1092 3751 innatam,
1107 3692 1132 3739 et
1143 3690 1271 3753 adspectus
1280 3688 1368 3738 veneri
1379 3688 1533 3738 convenienti
1551 3689 1657 3751 tuigebat
1676 3690 1774 3755 splen--

132 3762 229 3841 μῑῑῗῖ·
272 3757 457 3836 Ἐμάθμαῑθῑν
475 3759 555 3827 αὐτῆς
571 3758 600 3816 τὸ
616 3756 724 3837 βλέμμα
747 3758 924 3837 μαθθαθυγθν
969 3785 1041 3845 doro;
1061 3785 1162 3846 capillus
1181 3785 1273 3833 mutius
1291 3787 1315 3832 et
1338 3783 1439 3845 densus,
1453 3796 1559 3846 auroque
1582 3796 1629 3831 non
1644 3782 1758 3834 absimilis

131 3845 309 3930 ἎθθοδίσωΨ
325 3846 395 3921 κόμη
416 3845 501 3915 πολλὴ
524 3845 569 3904 καὶ
589 3847 680 3925 βαθεῖα
700 3844 745 3903 καὶ
760 3847 924 3924 κατάχρυσος
971 3880 1111 3943 pendebnts
1131 3878 1214 3941 itaque
1227 3890 1276 3927 non
1291 3878 1422 3927 insuaviter
1439 3877 1505 3927 illam
1527 3879 1684 3939 contemplari
1699 3878 1757 3927 milri

89 3940 171 4041 *ΜΞ
191 3932 367 4045 λθθθῖγῶσῖ,
382 3931 457 4000 ίδοξα
479 3934 527 3991 οὐκ
547 3934 633 4005 ἀηδῶς
652 3935 715 4041 Ῑδξῑν
732 3931 780 4004 ‘'l''
802 3942 924 4010 imm·
970 3973 1075 4022 videbar.
1121 3971 1317 4034 Splendidissima
1344 3971 1443 4034 quidem
1476 3984 1544 4019 coena
1572 3972 1639 4029 erat;
1678 3973 1758 4021 iteiite

131 4026 178 4085 Το
194 4019 244 4099 μέν
263 4045 306 4080 ουν
325 4021 428 4079 δειπνον
443 4011 475 4092 ἦν
498 4019 652 4088 πολυτελές·
671 4045 688 4092 η
714 4022 737 4079 δ’
758 4021 925 4098 ἐφαπτομένη

132 4113 191 4170 τῖον
201 4109 416 4188 παρακειμένων,
427 4111 464 4176 ὡς
477 4110 562 4168 δοκεῖν
577 4109 681 4181 ἐσθίειν,
694 4111 742 4168 οὐκ
753 4110 868 4181 ἠδύνατο
879 4135 924 4168 τυ-

130 4195 926 4366 ξῖἔἔὲζᾘῖοἶρέἰῖδέἰχἴξέτῗρὲμῖῗὲίπενέξγχῖὐψδὲν
970 4255 1013 4304 sed
1036 4268 1075 4305 me
1090 4268 1167 4304 unum
1186 4253 1356 4303 tantummodo
1373 4252 1450 4302 oculis
1473 4251 1624 4301 observabat.
1667 4256 1756 4299 riman·

89 4400 118 4440 ω
130 4374 189 4456 χὴ,
211 4382 299 4431 πᾶσαν
322 4372 416 4452 ,ἔρως
433 4370 605 4448 χαταλαὸὼν,
619 4372 672 4432 οὐδ’
687 4375 755 4445 αὐτῇ
772 4371 862 4452 χώραν
883 4371 928 4430 δρ-
971 4346 1036 4396 tibus
1052 4346 1117 4396 enim
1134 4345 1279 4395 niirilsuavo
1295 4349 1347 4406 est,
1362 4348 1463 4408 excepta
1475 4349 1555 4395 amata
1574 4359 1608 4395 re.
1643 4345 1756 4394 Animum

131 4464 250 4540 tmesi
269 4465 363 4542 τροφῇ.
408 4459 441 4521 Ἡ
457 4461 484 4520 δέ
502 4464 548 4532 τῆς
568 4461 629 4528 θέας
645 4460 724 4532 pinget
742 4439 789 4519 'pp
810 4463 862 4518 τῶν
877 4462 928 4536 ὀμ.
971 4453 1092 4502 occupans
1117 4453 1194 4500 amor,
1216 4439 1272 4502 ipsis
1293 4440 1366 4489 etiam
1394 4440 1514 4488 alimentis
1534 4439 1626 4487 aditum
1645 4437 1756 4487 obstruit.

131 4550 232 4628 μω
253 4549 407 4631 φορέουσα,
427 4558 480 4617 coi<
502 4548 615 4631 στέψω,
634 4551 793 4625 χ,,άρ,,,α,.
813 4546 926 4607 ἕλκουσα
972 4535 1091 4598 Voluptas
1110 4537 1206 4596 nutem,
1223 4535 1316 4598 quaein
1336 4535 1439 4584 videndo
1460 4533 1600 4597 percipitur,
1616 4545 1657 4594 per
1676 4533 1758 4584 oculos

132 4636 168 4698 δέ
186 4642 233 4696 τῶ
254 4638 386 4716 ίρωμένου
400 4637 430 4697 τὸ
452 4636 560 4697 εἴδωλον
582 4636 639 4708 ἀεὶ,
666 4635 878 4712 ίναπομοίττεται
890 4639 928 4715 τῷ
972 4630 1055 4692 illapsa
1068 4629 1143 4679 menti
1158 4628 1253 4688 insidet,
1264 4630 1346 4692 reique
1359 4629 1416 4677 visre
1430 4627 1557 4687 imaginem
1569 4639 1651 4674 secum
1665 4629 1757 4688 raptum

971 4080 1027 4116 vero
1039 4066 1134 4116 tametsi
1148 4079 1179 4115 en
1194 4066 1234 4125 iis,
1246 4078 1302 4127 ηοω
1313 4065 1422 4127 appositu
1434 4065 1543 4123 inerant,
1559 4064 1603 4112 sibi
1616 4065 1706 4127 aliquid
1719 4078 1757 4114 as·

970 4163 1086 4221 sumeret,
1094 4163 1121 4209 ui
1130 4159 1251 4209 rideretur
1258 4158 1338 4218 edere,
1347 4162 1429 4208 tamen
1437 4158 1495 4207 niirii
1504 4171 1602 4221 prorsus
1609 4158 1758 4218 comedebat,

131 4730 188 4798 τῆς
199 4728 286 4806 ψυχῆς
297 4725 453 4808 κατόπτρῳ,
468 4725 514 4783 ul
533 4724 694 4783 ἀναπλάττει
711 4723 758 4794 τὴν
781 4723 927 4804 μορφήν-ἡ
947 4688 949 4782 l
972 4724 1045 4774 animi
1062 4722 1159 4784 speculo
1180 4724 1332 4773 continenter
1346 4721 1462 4784 imprimit
1479 4724 1551 4782 atque
1567 4719 1658 4783 elingit
1677 4740 1683 4771 ε
1703 4723 1757 4783 pui-

89 4850 121 4885 ττι
134 4813 169 4874 δέ
183 4819 230 4873 τοῦ
244 4816 355 4880 κάλλους
377 4814 494 4894 ἀπορροὴ
507 4812 540 4871 δι’
561 4815 667 4895 ἀφανῶν
688 4812 800 4871 ἀκτίνων
817 4813 861 4872 ε’πὶ
881 4812 928 4883 τὴν
947 4800 949 4889 ί
973 4816 1164 4879 chritudinisque
1184 4817 1259 4869 tiuxio
1272 4818 1324 4879 ipsa
1339 4832 1379 4879 per
1392 4815 1503 4864 occultos
1519 4813 1599 4864 radios
1615 4814 1640 4864 in
1654 4818 1757 4865 amantis

138 4903 273 4983 ἐρωτικὴν
287 4902 417 4978 ἑλκομένη
426 4902 550 4981 καρδίαν,
564 4901 782 4982 ίναποσφραγίζιι
797 4902 870 4960 κάτω
881 4901 929 4971 τὴν
947 4914 950 4975 ξ
974 4914 1057 4974 pectus
1079 4910 1218 4970 dimanans,
1240 4914 1328 4959 amatae
1347 4911 1380 4959 rei
1403 4909 1505 4957 iormnm
1530 4908 1651 4972 insculpti.
1694 4909 1756 4958 iliud

138 4993 233 5053 σκιάν.
277 4990 355 5067 Λέγω
367 4991 398 5062 δὴ
411 4991 476 5070 πρὸς
488 4988 570 5062 αὐτὴν
582 4990 673 5057 συνείς·
687 4989 766 5049 ’diii
779 4989 811 5048 σί
821 4993 846 5067 γ’
857 4991 929 5049 οὐδε·
974 5000 1047 5062 igitur
1058 5012 1137 5062 quum
1147 4998 1381 5058 animadvertissem,
1394 4998 1458 5048 iiiiril
1468 5001 1578 5058 tuorum,
1586 4998 1696 5061 inquam,
1707 4997 1759 5047 edis

138 5080 187 5145 νὸς
197 5081 318 5160 μετέχεις
333 5083 451 5140 τῶντῶν
470 5083 564 5152 αὐτῆς,
576 5081 634 5138 ἀλλ’
646 5079 733 5145 ίοιιιας
747 5083 800 5146 τοῖς
815 5081 841 5138 έν
864 5103 930 5160 γρα-
947 5110 951 5167 γ
974 5101 1012 5138 nm
1021 5091 1048 5139 tu
1059 5087 1128 5152 pictis
1137 5086 1245 5137 convivis
1256 5086 1316 5136 milri
1327 5085 1411 5135 similis
1420 5086 1517 5136 rideris.
1543 5088 1604 5136 Tum
1614 5086 1664 5141 ilic„
1675 5085 1758 5144 Quod·

140 5169 206 5252 φαῖς
224 5169 363 5228 ἐσθίουσιν.
411 5166 446 5229 ‘ii
465 5167 511 5241 δέ,
529 5168 608 5226 Ποῖον
628 5168 679 5247 γδιρ
700 5167 776 5249 ὄψον,
797 5168 865 5250 ἔφη,
886 5192 931 5246 μοι
947 5204 950 5211 ·
974 5191 1031 5228 nam
1043 5177 1103 5227 milri
1117 5176 1219 5237 lautius,
1231 5173 1322 5238 inquit,
1334 5175 1477 5236 obsonium,
1489 5175 1555 5239 quod
1574 5176 1657 5225 vinum
1671 5173 1758 5236 pretio·
