<?xml version="1.0" encoding="UTF-8"?>
<!DOCTYPE html PUBLIC "-//W3C//DTD XHTML 1.0 Transitional//EN"
    "http://www.w3.org/TR/xhtml1/DTD/xhtml1-transitional.dtd">
<html xmlns="http://www.w3.org/1999/xhtml" xml:lang="en" lang="en">
 <head>
  <title>
</title>
<meta http-equiv="Content-Type" content="text/html;charset=utf-8" />
  <meta name='ocr-system' content='tesseract 3.04.00' />
  <meta name='ocr-capabilities' content='ocr_page ocr_carea ocr_par ocr_line ocrx_word'/>
</head>
<body>
  <div class='ocr_page' id='page_1' title='image "./eroticiscriptor00hirsgoog_0429.png"; bbox 0 0 3726 5692; ppageno 0'>
   <div class='ocr_carea' id='block_1_1' title="bbox 158 307 1237 394">
    <p class='ocr_par' dir='ltr' id='par_1_1' title="bbox 158 307 1237 394">
     <span class='ocr_line' id='line_1_1' title="bbox 158 307 1237 394; baseline -0.006 0"><span class='ocrx_word' id='word_1_1' title='bbox 158 342 214 394; x_wconf 77' lang='lat' dir='ltr'><strong>em</strong></span> <span class='ocrx_word' id='word_1_2' title='bbox 655 307 658 311; x_wconf 85' lang='grc'>’</span> <span class='ocrx_word' id='word_1_3' title='bbox 693 327 913 388; x_wconf 79' lang='lat' dir='ltr'><strong>ustionem</strong></span> <span class='ocrx_word' id='word_1_4' title='bbox 934 327 1237 390; x_wconf 76' lang='lat' dir='ltr'><strong>nantoatconun</strong></span> 
     </span>
    </p>
   </div>
   <div class='ocr_carea' id='block_1_2' title="bbox 77 457 1665 5229">
    <p class='ocr_par' dir='ltr' id='par_1_2' title="bbox 85 457 1664 1781">
     <span class='ocr_line' id='line_1_2' title="bbox 157 457 1662 539; baseline -0.004 -16"><span class='ocrx_word' id='word_1_5' title='bbox 157 463 300 523; x_wconf 89' lang='grc' dir='ltr'>στίλλουσα</span> <span class='ocrx_word' id='word_1_6' title='bbox 321 458 368 519; x_wconf 88' lang='grc' dir='ltr'><strong>καί</strong></span> <span class='ocrx_word' id='word_1_7' title='bbox 388 459 417 518; x_wconf 86' lang='grc' dir='ltr'><strong>τδ</strong></span> <span class='ocrx_word' id='word_1_8' title='bbox 438 457 518 536; x_wconf 81' lang='grc' dir='ltr'>μέσον</span> <span class='ocrx_word' id='word_1_9' title='bbox 533 458 706 538; x_wconf 82' lang='grc' dir='ltr'>ἀνενόχλητον</span> <span class='ocrx_word' id='word_1_10' title='bbox 725 462 778 526; x_wconf 88' lang='grc' dir='ltr'>τοῖς</span> <span class='ocrx_word' id='word_1_11' title='bbox 798 461 947 539; x_wconf 87' lang='grc' dir='ltr'>ίερουργου·</span> <span class='ocrx_word' id='word_1_12' title='bbox 993 468 1138 530; x_wconf 89' lang='lat' dir='ltr'><strong>reprimens,</strong></span> <span class='ocrx_word' id='word_1_13' title='bbox 1156 480 1184 515; x_wconf 82' lang='lat' dir='ltr'><strong>sc</strong></span> <span class='ocrx_word' id='word_1_14' title='bbox 1195 461 1303 516; x_wconf 79' lang='lat' dir='ltr'><strong>inedium</strong></span> <span class='ocrx_word' id='word_1_15' title='bbox 1316 465 1464 528; x_wconf 82' lang='lat' dir='ltr'><strong>spatiumub</strong></span> <span class='ocrx_word' id='word_1_16' title='bbox 1475 467 1540 516; x_wconf 92' lang='lat' dir='ltr'><strong>omni</strong></span> <span class='ocrx_word' id='word_1_17' title='bbox 1555 467 1662 517; x_wconf 75' lang='lat' dir='ltr'><strong>tumultu</strong></span> 
     </span>
     <span class='ocr_line' id='line_1_3' title="bbox 158 545 1659 630; baseline -0.003 -21"><span class='ocrx_word' id='word_1_18' title='bbox 158 551 244 630; x_wconf 80' lang='grc' dir='ltr'>μένοις</span> <span class='ocrx_word' id='word_1_19' title='bbox 261 545 507 628; x_wconf 70' lang='grc' dir='ltr'><strong>παρασκευάζουσα.</strong></span> <span class='ocrx_word' id='word_1_20' title='bbox 550 546 643 627; x_wconf 84' lang='grc' dir='ltr'>θίικρδι</span> <span class='ocrx_word' id='word_1_21' title='bbox 657 545 685 606; x_wconf 81' lang='grc' dir='ltr'><strong>δὲ</strong></span> <span class='ocrx_word' id='word_1_22' title='bbox 700 546 732 619; x_wconf 76' lang='grc' dir='ltr'><strong>δὴ</strong></span> <span class='ocrx_word' id='word_1_23' title='bbox 749 547 947 629; x_wconf 72' lang='grc' dir='ltr'><strong>προδιαλεχθεὶς</strong></span> <span class='ocrx_word' id='word_1_24' title='bbox 990 555 1181 605; x_wconf 80' lang='grc' dir='ltr'>ειοιίθσαιιίίθυε</span> <span class='ocrx_word' id='word_1_25' title='bbox 1189 568 1343 605; x_wconf 86' lang='lat' dir='ltr'><strong>conservans.</strong></span> <span class='ocrx_word' id='word_1_26' title='bbox 1378 555 1659 617; x_wconf 79' lang='lat' dir='ltr'><strong>enimverocumpauca</strong></span> 
     </span>
     <span class='ocr_line' id='line_1_4' title="bbox 157 635 1664 719; baseline -0.003 -20"><span class='ocrx_word' id='word_1_27' title='bbox 157 639 222 719; x_wconf 90' lang='grc' dir='ltr'>πρδς</span> <span class='ocrx_word' id='word_1_28' title='bbox 239 639 282 697; x_wconf 86' lang='grc' dir='ltr'><strong>τὸν</strong></span> <span class='ocrx_word' id='word_1_29' title='bbox 305 639 388 708; x_wconf 78' lang='grc' dir='ltr'>δῆμον</span> <span class='ocrx_word' id='word_1_30' title='bbox 407 635 573 708; x_wconf 82' lang='grc' dir='ltr'>δὙδαίσπης</span> <span class='ocrx_word' id='word_1_31' title='bbox 589 635 635 695; x_wconf 92' lang='grc' dir='ltr'><strong>καί</strong></span> <span class='ocrx_word' id='word_1_32' title='bbox 648 636 697 708; x_wconf 82' lang='grc' dir='ltr'><strong>τήν</strong></span> <span class='ocrx_word' id='word_1_33' title='bbox 710 659 740 694; x_wconf 90' lang='grc' dir='ltr'><strong>τε</strong></span> <span class='ocrx_word' id='word_1_34' title='bbox 754 636 827 708; x_wconf 85' lang='grc' dir='ltr'>νίκην</span> <span class='ocrx_word' id='word_1_35' title='bbox 850 636 895 695; x_wconf 84' lang='grc' dir='ltr'><strong>καί</strong></span> <span class='ocrx_word' id='word_1_36' title='bbox 913 636 946 694; x_wconf 85' lang='grc' dir='ltr'><strong>τδι</strong></span> <span class='ocrx_word' id='word_1_37' title='bbox 992 646 1055 695; x_wconf 85' lang='lat' dir='ltr'><strong>esset</strong></span> <span class='ocrx_word' id='word_1_38' title='bbox 1074 644 1104 692; x_wconf 89' lang='lat' dir='ltr'><strong>ad</strong></span> <span class='ocrx_word' id='word_1_39' title='bbox 1127 643 1245 706; x_wconf 91' lang='lat' dir='ltr'><strong>populum</strong></span> <span class='ocrx_word' id='word_1_40' title='bbox 1261 643 1385 707; x_wconf 76' lang='lat' dir='ltr'><strong>Hydaspes</strong></span> <span class='ocrx_word' id='word_1_41' title='bbox 1405 646 1430 693; x_wconf 90' lang='lat' dir='ltr'><strong>el</strong></span> <span class='ocrx_word' id='word_1_42' title='bbox 1445 644 1571 693; x_wconf 83' lang='lat' dir='ltr'><strong>victoriam</strong></span> <span class='ocrx_word' id='word_1_43' title='bbox 1588 647 1664 708; x_wconf 88' lang='lat' dir='ltr'><strong>atque</strong></span> 
     </span>
     <span class='ocr_line' id='line_1_5' title="bbox 157 724 1664 808; baseline -0.004 -20"><span class='ocrx_word' id='word_1_44' title='bbox 157 727 223 808; x_wconf 75' lang='grc' dir='ltr'>ὑπὲρ</span> <span class='ocrx_word' id='word_1_45' title='bbox 238 733 283 786; x_wconf 78' lang='grc' dir='ltr'><strong>τοῦ</strong></span> <span class='ocrx_word' id='word_1_46' title='bbox 305 730 391 786; x_wconf 82' lang='grc' dir='ltr'>κοινοῦ</span> <span class='ocrx_word' id='word_1_47' title='bbox 410 724 617 804; x_wconf 83' lang='grc' dir='ltr'>κατορθωθέντα</span> <span class='ocrx_word' id='word_1_48' title='bbox 635 724 826 804; x_wconf 76' lang='grc' dir='ltr'><strong>καταγγείλας,</strong></span> <span class='ocrx_word' id='word_1_49' title='bbox 836 724 948 804; x_wconf 73' lang='grc' dir='ltr'>ἔχεσθαι</span> <span class='ocrx_word' id='word_1_50' title='bbox 992 746 1036 796; x_wconf 92' lang='lat' dir='ltr'><strong>pro</strong></span> <span class='ocrx_word' id='word_1_51' title='bbox 1052 732 1175 795; x_wconf 81' lang='lat' dir='ltr'><strong>republica</strong></span> <span class='ocrx_word' id='word_1_52' title='bbox 1189 745 1301 795; x_wconf 79' lang='lat' dir='ltr'>prospere</span> <span class='ocrx_word' id='word_1_53' title='bbox 1314 735 1381 795; x_wconf 79' lang='lat' dir='ltr'><strong>gesta</strong></span> <span class='ocrx_word' id='word_1_54' title='bbox 1396 735 1476 782; x_wconf 76' lang='lat' dir='ltr'><strong>esseut</strong></span> <span class='ocrx_word' id='word_1_55' title='bbox 1489 732 1664 787; x_wconf 63' lang='lat' dir='ltr'><strong>enunuasaet„</strong></span> 
     </span>
     <span class='ocr_line' id='line_1_6' title="bbox 132 812 1664 895; baseline -0.005 -17"><span class='ocrx_word' id='word_1_56' title='bbox 132 822 205 887; x_wconf 78' lang='grc' dir='ltr'>στῆς</span> <span class='ocrx_word' id='word_1_57' title='bbox 219 815 308 881; x_wconf 91' lang='grc' dir='ltr'>θυσίας</span> <span class='ocrx_word' id='word_1_58' title='bbox 321 817 375 882; x_wconf 85' lang='grc' dir='ltr'>τοῖς</span> <span class='ocrx_word' id='word_1_59' title='bbox 387 817 524 895; x_wconf 88' lang='grc' dir='ltr'>ίιροποιοῑς</span> <span class='ocrx_word' id='word_1_60' title='bbox 546 812 658 872; x_wconf 80' lang='grc' dir='ltr'>ἐκελιυε.</span> <span class='ocrx_word' id='word_1_61' title='bbox 698 815 786 894; x_wconf 80' lang='grc' dir='ltr'>Τριῶν</span> <span class='ocrx_word' id='word_1_62' title='bbox 801 813 832 885; x_wconf 75' lang='grc' dir='ltr'><strong>δὴ</strong></span> <span class='ocrx_word' id='word_1_63' title='bbox 850 816 948 894; x_wconf 80' lang='grc' dir='ltr'>βωμῶν</span> <span class='ocrx_word' id='word_1_64' title='bbox 992 820 1075 870; x_wconf 84' lang='lat' dir='ltr'><strong>ficium</strong></span> <span class='ocrx_word' id='word_1_65' title='bbox 1091 821 1200 884; x_wconf 85' lang='lat' dir='ltr'><strong>aggredi,</strong></span> <span class='ocrx_word' id='word_1_66' title='bbox 1217 821 1245 870; x_wconf 86' lang='lat' dir='ltr'><strong>iis</strong></span> <span class='ocrx_word' id='word_1_67' title='bbox 1259 821 1289 870; x_wconf 91' lang='lat' dir='ltr'><strong>ad</strong></span> <span class='ocrx_word' id='word_1_68' title='bbox 1302 835 1363 885; x_wconf 85' lang='lat' dir='ltr'><strong>quos</strong></span> <span class='ocrx_word' id='word_1_69' title='bbox 1375 821 1409 871; x_wconf 90' lang='lat' dir='ltr'><strong>rei</strong></span> <span class='ocrx_word' id='word_1_70' title='bbox 1423 820 1511 870; x_wconf 81' lang='lat' dir='ltr'><strong>divinae</strong></span> <span class='ocrx_word' id='word_1_71' title='bbox 1526 821 1642 871; x_wconf 79' lang='lat' dir='ltr'><strong>iacienda·</strong></span> <span class='ocrx_word' id='word_1_72' title='bbox 1655 834 1664 870; x_wconf 89' lang='grc' dir='ltr'>ι</span> 
     </span>
     <span class='ocr_line' id='line_1_7' title="bbox 158 899 1664 984; baseline -0.005 -18"><span class='ocrx_word' id='word_1_73' title='bbox 158 910 210 966; x_wconf 88' lang='grc' dir='ltr'><strong>τῶν</strong></span> <span class='ocrx_word' id='word_1_74' title='bbox 225 905 332 964; x_wconf 84' lang='grc' dir='ltr'>πόντων</span> <span class='ocrx_word' id='word_1_75' title='bbox 348 905 383 970; x_wconf 86' lang='grc' dir='ltr'><strong>είς</strong></span> <span class='ocrx_word' id='word_1_76' title='bbox 399 902 463 984; x_wconf 85' lang='grc' dir='ltr'>θψος</span> <span class='ocrx_word' id='word_1_77' title='bbox 483 901 604 981; x_wconf 85' lang='grc' dir='ltr'>ἠρμένων</span> <span class='ocrx_word' id='word_1_78' title='bbox 623 900 669 960; x_wconf 83' lang='grc' dir='ltr'><strong>καί</strong></span> <span class='ocrx_word' id='word_1_79' title='bbox 682 909 737 962; x_wconf 84' lang='grc' dir='ltr'>τοῖν</span> <span class='ocrx_word' id='word_1_80' title='bbox 760 899 808 980; x_wconf 79' lang='grc' dir='ltr'><strong>μίν</strong></span> <span class='ocrx_word' id='word_1_81' title='bbox 823 903 892 962; x_wconf 86' lang='grc' dir='ltr'>δυοῖν</span> <span class='ocrx_word' id='word_1_82' title='bbox 904 926 947 962; x_wconf 86' lang='grc' dir='ltr'><strong>κε·</strong></span> <span class='ocrx_word' id='word_1_83' title='bbox 993 909 1085 959; x_wconf 85' lang='lat' dir='ltr'><strong>tinebat</strong></span> <span class='ocrx_word' id='word_1_84' title='bbox 1098 910 1240 973; x_wconf 75' lang='lat' dir='ltr'><strong>imperabat.</strong></span> <span class='ocrx_word' id='word_1_85' title='bbox 1276 913 1350 959; x_wconf 87' lang='lat' dir='ltr'><strong>Porro</strong></span> <span class='ocrx_word' id='word_1_86' title='bbox 1364 923 1421 959; x_wconf 86' lang='lat' dir='ltr'><strong>cum</strong></span> <span class='ocrx_word' id='word_1_87' title='bbox 1437 915 1484 959; x_wconf 80' lang='lat' dir='ltr'><strong>tres</strong></span> <span class='ocrx_word' id='word_1_88' title='bbox 1498 923 1547 959; x_wconf 72' lang='grc' dir='ltr'><strong>στα</strong></span> <span class='ocrx_word' id='word_1_89' title='bbox 1563 909 1664 959; x_wconf 81' lang='lat' dir='ltr'><strong>inaltat</strong></span> 
     </span>
     <span class='ocr_line' id='line_1_8' title="bbox 157 989 1664 1073; baseline -0.003 -21"><span class='ocrx_word' id='word_1_90' title='bbox 157 992 329 1073; x_wconf 86' lang='grc' dir='ltr'>χωρισμένως</span> <span class='ocrx_word' id='word_1_91' title='bbox 343 991 429 1072; x_wconf 87' lang='grc' dir='ltr'>Ἡλίῳ</span> <span class='ocrx_word' id='word_1_92' title='bbox 440 1014 469 1050; x_wconf 88' lang='grc' dir='ltr'><strong>τε</strong></span> <span class='ocrx_word' id='word_1_93' title='bbox 482 990 527 1049; x_wconf 85' lang='grc' dir='ltr'><strong>καί</strong></span> <span class='ocrx_word' id='word_1_94' title='bbox 540 989 646 1069; x_wconf 76' lang='grc' dir='ltr'>Σελήνῃ</span> <span class='ocrx_word' id='word_1_95' title='bbox 660 990 885 1070; x_wconf 74' lang='grc' dir='ltr'>συνεζευγμένων,</span> <span class='ocrx_word' id='word_1_96' title='bbox 901 995 948 1049; x_wconf 79' lang='grc' dir='ltr'><strong>τοῦ</strong></span> <span class='ocrx_word' id='word_1_97' title='bbox 994 1000 1086 1060; x_wconf 83' lang='lat' dir='ltr'><strong>essent;</strong></span> <span class='ocrx_word' id='word_1_98' title='bbox 1097 1011 1126 1047; x_wconf 87' lang='lat' dir='ltr'><strong>ac</strong></span> <span class='ocrx_word' id='word_1_99' title='bbox 1139 997 1196 1047; x_wconf 75' lang='lat' dir='ltr'><strong>dum</strong></span> <span class='ocrx_word' id='word_1_100' title='bbox 1207 998 1306 1060; x_wconf 86' lang='lat' dir='ltr'><strong>quidem</strong></span> <span class='ocrx_word' id='word_1_101' title='bbox 1322 998 1474 1061; x_wconf 70' lang='lat' dir='ltr'><strong>peculiariter</strong></span> <span class='ocrx_word' id='word_1_102' title='bbox 1489 998 1539 1049; x_wconf 89' lang='lat' dir='ltr'><strong>soti</strong></span> <span class='ocrx_word' id='word_1_103' title='bbox 1556 1000 1582 1047; x_wconf 86' lang='lat' dir='ltr'><strong>et</strong></span> <span class='ocrx_word' id='word_1_104' title='bbox 1593 1000 1664 1048; x_wconf 80' lang='lat' dir='ltr'><strong>Luna</strong></span> 
     </span>
     <span class='ocr_line' id='line_1_9' title="bbox 158 1077 1653 1162; baseline -0.003 -22"><span class='ocrx_word' id='word_1_105' title='bbox 158 1080 245 1162; x_wconf 90' lang='grc' dir='ltr'>τρίτου</span> <span class='ocrx_word' id='word_1_106' title='bbox 262 1080 291 1140; x_wconf 77' lang='grc' dir='ltr'><strong>δὲ</strong></span> <span class='ocrx_word' id='word_1_107' title='bbox 312 1084 350 1160; x_wconf 80' lang='grc' dir='ltr'><strong>τῷ</strong></span> <span class='ocrx_word' id='word_1_108' title='bbox 372 1078 490 1158; x_wconf 84' lang='grc' dir='ltr'>Διονύσῳ</span> <span class='ocrx_word' id='word_1_109' title='bbox 511 1079 570 1138; x_wconf 91' lang='grc' dir='ltr'>καθ’</span> <span class='ocrx_word' id='word_1_110' title='bbox 591 1078 678 1159; x_wconf 77' lang='grc' dir='ltr'>ἕτερον</span> <span class='ocrx_word' id='word_1_111' title='bbox 702 1077 778 1160; x_wconf 81' lang='grc' dir='ltr'>μέρος</span> <span class='ocrx_word' id='word_1_112' title='bbox 792 1078 948 1147; x_wconf 82' lang='grc' dir='ltr'>ίδιόζοντος·</span> <span class='ocrx_word' id='word_1_113' title='bbox 993 1088 1065 1150; x_wconf 90' lang='lat' dir='ltr'><strong>ctim,</strong></span> <span class='ocrx_word' id='word_1_114' title='bbox 1076 1087 1147 1138; x_wconf 86' lang='lat' dir='ltr'><strong>tertia</strong></span> <span class='ocrx_word' id='word_1_115' title='bbox 1160 1101 1217 1138; x_wconf 86' lang='lat' dir='ltr'><strong>vero</strong></span> <span class='ocrx_word' id='word_1_116' title='bbox 1231 1087 1317 1138; x_wconf 76' lang='lat' dir='ltr'><strong>Bacchi</strong></span> <span class='ocrx_word' id='word_1_117' title='bbox 1327 1087 1351 1136; x_wconf 93' lang='lat' dir='ltr'><strong>in</strong></span> <span class='ocrx_word' id='word_1_118' title='bbox 1362 1087 1437 1137; x_wconf 86' lang='lat' dir='ltr'><strong>altera</strong></span> <span class='ocrx_word' id='word_1_119' title='bbox 1446 1088 1515 1150; x_wconf 82' lang='lat' dir='ltr'><strong>parte</strong></span> <span class='ocrx_word' id='word_1_120' title='bbox 1523 1087 1653 1150; x_wconf 84' lang='lat' dir='ltr'><strong>separatim</strong></span> 
     </span>
     <span class='ocr_line' id='line_1_10' title="bbox 158 1166 1664 1250; baseline -0.002 -22"><span class='ocrx_word' id='word_1_121' title='bbox 158 1168 242 1250; x_wconf 87' lang='grc' dir='ltr'>τούτῳ</span> <span class='ocrx_word' id='word_1_122' title='bbox 256 1166 304 1247; x_wconf 80' lang='grc' dir='ltr'><strong>μὲν</strong></span> <span class='ocrx_word' id='word_1_123' title='bbox 314 1173 427 1226; x_wconf 86' lang='grc' dir='ltr'>παντοῖα</span> <span class='ocrx_word' id='word_1_124' title='bbox 439 1170 494 1247; x_wconf 83' lang='grc' dir='ltr'><strong>ζῷα</strong></span> <span class='ocrx_word' id='word_1_125' title='bbox 507 1166 683 1245; x_wconf 78' lang='grc' dir='ltr'>ἐπίσφαττον,</span> <span class='ocrx_word' id='word_1_126' title='bbox 698 1166 741 1227; x_wconf 75' lang='grc' dir='ltr'>διὰ</span> <span class='ocrx_word' id='word_1_127' title='bbox 754 1167 784 1226; x_wconf 89' lang='grc' dir='ltr'><strong>τδ</strong></span> <span class='ocrx_word' id='word_1_128' title='bbox 796 1166 948 1244; x_wconf 86' lang='grc' dir='ltr'>παίνδημον,</span> <span class='ocrx_word' id='word_1_129' title='bbox 994 1180 1072 1236; x_wconf 80' lang='lat' dir='ltr'><strong>esset,</strong></span> <span class='ocrx_word' id='word_1_130' title='bbox 1089 1177 1146 1226; x_wconf 84' lang='lat' dir='ltr'><strong>truie</strong></span> <span class='ocrx_word' id='word_1_131' title='bbox 1160 1177 1258 1240; x_wconf 86' lang='lat' dir='ltr'><strong>quidem</strong></span> <span class='ocrx_word' id='word_1_132' title='bbox 1277 1177 1355 1226; x_wconf 86' lang='lat' dir='ltr'><strong>omnis</strong></span> <span class='ocrx_word' id='word_1_133' title='bbox 1367 1177 1461 1238; x_wconf 86' lang='lat' dir='ltr'><strong>generis</strong></span> <span class='ocrx_word' id='word_1_134' title='bbox 1477 1177 1610 1226; x_wconf 81' lang='lat' dir='ltr'><strong>ammantia</strong></span> <span class='ocrx_word' id='word_1_135' title='bbox 1628 1190 1664 1225; x_wconf 84' lang='lat' dir='ltr'><strong>ma</strong></span> 
     </span>
     <span class='ocr_line' id='line_1_11' title="bbox 119 1248 1663 1337; baseline -0.001 -19"><span class='ocrx_word' id='word_1_136' title='bbox 119 1277 145 1318; x_wconf 88' lang='lat' dir='ltr'><strong>to</strong></span> <span class='ocrx_word' id='word_1_137' title='bbox 159 1248 252 1334; x_wconf 75' lang='grc' dir='ltr'>οἶμαι,</span> <span class='ocrx_word' id='word_1_138' title='bbox 267 1263 313 1317; x_wconf 81' lang='grc' dir='ltr'><strong>τοῦ</strong></span> <span class='ocrx_word' id='word_1_139' title='bbox 326 1261 384 1315; x_wconf 83' lang='grc' dir='ltr'><strong>θεοῦ</strong></span> <span class='ocrx_word' id='word_1_140' title='bbox 403 1255 450 1314; x_wconf 84' lang='grc' dir='ltr'><strong>καί</strong></span> <span class='ocrx_word' id='word_1_141' title='bbox 469 1265 536 1314; x_wconf 77' lang='grc' dir='ltr'>πᾶσι</span> <span class='ocrx_word' id='word_1_142' title='bbox 556 1255 764 1337; x_wconf 79' lang='grc' dir='ltr'>κεχαρισμένον,</span> <span class='ocrx_word' id='word_1_143' title='bbox 781 1260 812 1315; x_wconf 78' lang='grc' dir='ltr'><strong>ἐκ</strong></span> <span class='ocrx_word' id='word_1_144' title='bbox 823 1256 949 1315; x_wconf 82' lang='grc' dir='ltr'>ποικίλων</span> <span class='ocrx_word' id='word_1_145' title='bbox 994 1273 1091 1330; x_wconf 90' lang='lat' dir='ltr'><strong>propter</strong></span> <span class='ocrx_word' id='word_1_146' title='bbox 1100 1266 1267 1330; x_wconf 77' lang='lat' dir='ltr'><strong>pervulgatam</strong></span> <span class='ocrx_word' id='word_1_147' title='bbox 1278 1267 1341 1326; x_wconf 84' lang='lat' dir='ltr'><strong>rim,</strong></span> <span class='ocrx_word' id='word_1_148' title='bbox 1351 1267 1380 1315; x_wconf 89' lang='lat' dir='ltr'><strong>ut</strong></span> <span class='ocrx_word' id='word_1_149' title='bbox 1389 1266 1515 1325; x_wconf 81' lang='lat' dir='ltr'><strong>existimo,</strong></span> <span class='ocrx_word' id='word_1_150' title='bbox 1524 1265 1663 1316; x_wconf 85' lang='lat' dir='ltr'><strong>numiniset</strong></span> 
     </span>
     <span class='ocr_line' id='line_1_12' title="bbox 85 1343 1664 1425; baseline 0.001 -24"><span class='ocrx_word' id='word_1_151' title='bbox 85 1394 88 1401; x_wconf 95' lang='lat'><em>.</em></span> <span class='ocrx_word' id='word_1_152' title='bbox 159 1343 250 1407; x_wconf 80' lang='grc' dir='ltr'>τεκαὶ</span> <span class='ocrx_word' id='word_1_153' title='bbox 265 1343 396 1405; x_wconf 83' lang='grc' dir='ltr'>παντοίων</span> <span class='ocrx_word' id='word_1_154' title='bbox 417 1344 595 1422; x_wconf 79' lang='grc' dir='ltr'>ἱλασκόμενοι.</span> <span class='ocrx_word' id='word_1_155' title='bbox 639 1344 704 1406; x_wconf 84' lang='grc' dir='ltr'><strong>Ἐπί</strong></span> <span class='ocrx_word' id='word_1_156' title='bbox 722 1344 749 1403; x_wconf 77' lang='grc' dir='ltr'><strong>δὲ</strong></span> <span class='ocrx_word' id='word_1_157' title='bbox 769 1349 821 1403; x_wconf 91' lang='grc' dir='ltr'><strong>τῶν</strong></span> <span class='ocrx_word' id='word_1_158' title='bbox 838 1344 948 1425; x_wconf 78' lang='grc' dir='ltr'>ἑτέρων,</span> <span class='ocrx_word' id='word_1_159' title='bbox 994 1357 1266 1420; x_wconf 83' lang='lat' dir='ltr'><strong>gratificantem,rariis</strong></span> <span class='ocrx_word' id='word_1_160' title='bbox 1275 1358 1300 1405; x_wconf 89' lang='lat' dir='ltr'><strong>et</strong></span> <span class='ocrx_word' id='word_1_161' title='bbox 1310 1354 1484 1417; x_wconf 86' lang='lat' dir='ltr'><strong>multiplicibus</strong></span> <span class='ocrx_word' id='word_1_162' title='bbox 1493 1354 1576 1405; x_wconf 80' lang='lat' dir='ltr'><strong>hostiis</strong></span> <span class='ocrx_word' id='word_1_163' title='bbox 1584 1369 1664 1418; x_wconf 69' lang='lat' dir='ltr'><strong>cumr</strong></span> 
     </span>
     <span class='ocr_line' id='line_1_13' title="bbox 160 1433 1664 1517; baseline -0.003 -20"><span class='ocrx_word' id='word_1_164' title='bbox 160 1438 245 1517; x_wconf 86' lang='grc' dir='ltr'>Ἡλίῳ</span> <span class='ocrx_word' id='word_1_165' title='bbox 266 1434 314 1513; x_wconf 76' lang='grc' dir='ltr'><strong>μέν</strong></span> <span class='ocrx_word' id='word_1_166' title='bbox 336 1435 477 1515; x_wconf 87' lang='grc' dir='ltr'>τέθριππον</span> <span class='ocrx_word' id='word_1_167' title='bbox 498 1434 591 1494; x_wconf 78' lang='grc' dir='ltr'>λευκὸν</span> <span class='ocrx_word' id='word_1_168' title='bbox 614 1438 726 1511; x_wconf 80' lang='grc' dir='ltr'>ἐπῆγον,</span> <span class='ocrx_word' id='word_1_169' title='bbox 748 1437 786 1514; x_wconf 81' lang='grc' dir='ltr'><strong>τῷ</strong></span> <span class='ocrx_word' id='word_1_170' title='bbox 807 1433 950 1514; x_wconf 84' lang='grc' dir='ltr'>ταχυτότῳ</span> <span class='ocrx_word' id='word_1_171' title='bbox 997 1448 1024 1495; x_wconf 91' lang='lat' dir='ltr'><strong>tn</strong></span> <span class='ocrx_word' id='word_1_172' title='bbox 1038 1444 1092 1495; x_wconf 87' lang='lat' dir='ltr'><strong>aliis</strong></span> <span class='ocrx_word' id='word_1_173' title='bbox 1104 1458 1176 1505; x_wconf 83' lang='lat' dir='ltr'><strong>vero,</strong></span> <span class='ocrx_word' id='word_1_174' title='bbox 1186 1444 1233 1493; x_wconf 85' lang='lat' dir='ltr'><strong>solt</strong></span> <span class='ocrx_word' id='word_1_175' title='bbox 1246 1444 1344 1506; x_wconf 83' lang='lat' dir='ltr'><strong>quidem</strong></span> <span class='ocrx_word' id='word_1_176' title='bbox 1356 1443 1483 1506; x_wconf 74' lang='lat' dir='ltr'><strong>quadrigae</strong></span> <span class='ocrx_word' id='word_1_177' title='bbox 1495 1444 1562 1493; x_wconf 82' lang='lat' dir='ltr'><strong>albas</strong></span> <span class='ocrx_word' id='word_1_178' title='bbox 1576 1444 1664 1494; x_wconf 85' lang='lat' dir='ltr'><strong>oliereb</strong></span> 
     </span>
     <span class='ocr_line' id='line_1_14' title="bbox 160 1522 1663 1602; baseline -0.002 -18"><span class='ocrx_word' id='word_1_179' title='bbox 160 1529 242 1597; x_wconf 86' lang='grc' dir='ltr'>θεῶν,</span> <span class='ocrx_word' id='word_1_180' title='bbox 258 1529 293 1590; x_wconf 82' lang='grc' dir='ltr'><strong>ὡς</strong></span> <span class='ocrx_word' id='word_1_181' title='bbox 309 1522 392 1598; x_wconf 87' lang='grc' dir='ltr'>ἔοικε,</span> <span class='ocrx_word' id='word_1_182' title='bbox 408 1523 439 1582; x_wconf 87' lang='grc' dir='ltr'><strong>τὸ</strong></span> <span class='ocrx_word' id='word_1_183' title='bbox 450 1523 576 1602; x_wconf 87' lang='grc' dir='ltr'>ταίχιστον</span> <span class='ocrx_word' id='word_1_184' title='bbox 597 1529 794 1596; x_wconf 79' lang='grc' dir='ltr'>καθοσιοῶντες,</span> <span class='ocrx_word' id='word_1_185' title='bbox 809 1528 842 1602; x_wconf 84' lang='grc' dir='ltr'><strong>τῇ</strong></span> <span class='ocrx_word' id='word_1_186' title='bbox 856 1525 950 1595; x_wconf 88' lang='grc' dir='ltr'>Σελη-</span> <span class='ocrx_word' id='word_1_187' title='bbox 996 1535 1105 1584; x_wconf 88' lang='lat' dir='ltr'><strong>omnium</strong></span> <span class='ocrx_word' id='word_1_188' title='bbox 1127 1532 1293 1593; x_wconf 81' lang='lat' dir='ltr'><strong>velocissimo,</strong></span> <span class='ocrx_word' id='word_1_189' title='bbox 1316 1532 1340 1580; x_wconf 94' lang='lat' dir='ltr'><strong>id</strong></span> <span class='ocrx_word' id='word_1_190' title='bbox 1358 1531 1423 1594; x_wconf 90' lang='lat' dir='ltr'><strong>qood</strong></span> <span class='ocrx_word' id='word_1_191' title='bbox 1441 1531 1620 1582; x_wconf 82' lang='lat' dir='ltr'><strong>velocissimum</strong></span> <span class='ocrx_word' id='word_1_192' title='bbox 1638 1545 1663 1581; x_wconf 87' lang='lat' dir='ltr'><strong>es</strong></span> 
     </span>
     <span class='ocr_line' id='line_1_15' title="bbox 161 1610 1664 1692; baseline -0.003 -21"><span class='ocrx_word' id='word_1_193' title='bbox 161 1614 222 1691; x_wconf 80' lang='grc' dir='ltr'>ναίᾳ</span> <span class='ocrx_word' id='word_1_194' title='bbox 244 1612 271 1672; x_wconf 78' lang='grc' dir='ltr'>δέ</span> <span class='ocrx_word' id='word_1_195' title='bbox 286 1612 414 1692; x_wconf 76' lang='grc' dir='ltr'><strong>ξυνωρίδα</strong></span> <span class='ocrx_word' id='word_1_196' title='bbox 433 1615 517 1691; x_wconf 88' lang='grc' dir='ltr'>βοῶν,</span> <span class='ocrx_word' id='word_1_197' title='bbox 540 1610 584 1670; x_wconf 72' lang='grc' dir='ltr'>διὰ</span> <span class='ocrx_word' id='word_1_198' title='bbox 604 1615 635 1670; x_wconf 90' lang='grc' dir='ltr'><strong>τδ</strong></span> <span class='ocrx_word' id='word_1_199' title='bbox 654 1611 800 1692; x_wconf 88' lang='grc' dir='ltr'>περίγειον,</span> <span class='ocrx_word' id='word_1_200' title='bbox 820 1616 855 1679; x_wconf 84' lang='grc' dir='ltr'><strong>ῶς</strong></span> <span class='ocrx_word' id='word_1_201' title='bbox 870 1612 951 1684; x_wconf 82' lang='grc' dir='ltr'>ἔοικε,</span> <span class='ocrx_word' id='word_1_202' title='bbox 996 1624 1078 1672; x_wconf 82' lang='grc' dir='ltr'>σαυίοε</span> <span class='ocrx_word' id='word_1_203' title='bbox 1091 1636 1098 1666; x_wconf 79' lang='grc' dir='ltr'>ι</span> <span class='ocrx_word' id='word_1_204' title='bbox 1113 1624 1187 1671; x_wconf 78' lang='lat' dir='ltr'><strong>Lunae</strong></span> <span class='ocrx_word' id='word_1_205' title='bbox 1200 1627 1282 1672; x_wconf 87' lang='lat' dir='ltr'><strong>autem</strong></span> <span class='ocrx_word' id='word_1_206' title='bbox 1301 1621 1388 1683; x_wconf 88' lang='lat' dir='ltr'><strong>jugum</strong></span> <span class='ocrx_word' id='word_1_207' title='bbox 1408 1619 1495 1682; x_wconf 86' lang='lat' dir='ltr'><strong>bourn,</strong></span> <span class='ocrx_word' id='word_1_208' title='bbox 1517 1624 1615 1683; x_wconf 90' lang='lat' dir='ltr'><strong>propter</strong></span> <span class='ocrx_word' id='word_1_209' title='bbox 1635 1621 1664 1669; x_wconf 66' lang='lat' dir='ltr'><strong>ri«</strong></span> 
     </span>
     <span class='ocr_line' id='line_1_16' title="bbox 122 1699 1577 1781; baseline 0.001 -24"><span class='ocrx_word' id='word_1_210' title='bbox 122 1719 147 1759; x_wconf 81' lang='lat' dir='ltr'><strong>to</strong></span> <span class='ocrx_word' id='word_1_211' title='bbox 161 1707 207 1774; x_wconf 78' lang='grc' dir='ltr'><strong>τῆς</strong></span> <span class='ocrx_word' id='word_1_212' title='bbox 223 1708 294 1774; x_wconf 74' lang='grc' dir='ltr'>θεοῦ,</span> <span class='ocrx_word' id='word_1_213' title='bbox 313 1701 374 1769; x_wconf 81' lang='grc' dir='ltr'>τοὺς</span> <span class='ocrx_word' id='word_1_214' title='bbox 389 1700 504 1781; x_wconf 81' lang='grc' dir='ltr'>γηπονίτρ</span> <span class='ocrx_word' id='word_1_215' title='bbox 520 1699 657 1780; x_wconf 73' lang='grc' dir='ltr'>συνεργοὺς</span> <span class='ocrx_word' id='word_1_216' title='bbox 677 1706 867 1779; x_wconf 81' lang='grc' dir='ltr'>καθιεροῦντες.</span> <span class='ocrx_word' id='word_1_217' title='bbox 996 1713 1082 1770; x_wconf 83' lang='lat' dir='ltr'><strong>lerroe,</strong></span> <span class='ocrx_word' id='word_1_218' title='bbox 1099 1709 1252 1771; x_wconf 74' lang='lat' dir='ltr'><strong>agriculturae</strong></span> <span class='ocrx_word' id='word_1_219' title='bbox 1268 1708 1389 1770; x_wconf 82' lang='lat' dir='ltr'><strong>adjutores</strong></span> <span class='ocrx_word' id='word_1_220' title='bbox 1402 1711 1577 1759; x_wconf 87' lang='lat' dir='ltr'><strong>consecrantes.</strong></span> 
     </span>
    </p>

    <p class='ocr_par' dir='ltr' id='par_1_3' title="bbox 162 1787 1664 2136">
     <span class='ocr_line' id='line_1_17' title="bbox 202 1787 1664 1871; baseline -0.002 -20"><span class='ocrx_word' id='word_1_221' title='bbox 202 1791 244 1851; x_wconf 86' lang='lat' dir='ltr'><strong>Z&#39;.</strong></span> <span class='ocrx_word' id='word_1_222' title='bbox 265 1790 324 1864; x_wconf 73' lang='grc' dir='ltr'>ίίαί</span> <span class='ocrx_word' id='word_1_223' title='bbox 336 1789 375 1848; x_wconf 76' lang='grc' dir='ltr'><strong>ἔτι</strong></span> <span class='ocrx_word' id='word_1_224' title='bbox 390 1788 488 1849; x_wconf 88' lang='grc' dir='ltr'>τούτων</span> <span class='ocrx_word' id='word_1_225' title='bbox 503 1788 642 1871; x_wconf 81' lang='grc' dir='ltr'>δρωμένων</span> <span class='ocrx_word' id='word_1_226' title='bbox 658 1789 707 1869; x_wconf 81' lang='grc' dir='ltr'><strong>βοή</strong></span> <span class='ocrx_word' id='word_1_227' title='bbox 723 1812 761 1855; x_wconf 92' lang='grc' dir='ltr'><strong>τις</strong></span> <span class='ocrx_word' id='word_1_228' title='bbox 773 1787 863 1868; x_wconf 82' lang='grc' dir='ltr'>ἀθρόον</span> <span class='ocrx_word' id='word_1_229' title='bbox 875 1787 951 1866; x_wconf 76' lang='grc' dir='ltr'>ἠγεί-</span> <span class='ocrx_word' id='word_1_230' title='bbox 1027 1801 1081 1848; x_wconf 82' lang='lat' dir='ltr'><strong>vll.</strong></span> <span class='ocrx_word' id='word_1_231' title='bbox 1098 1800 1160 1847; x_wconf 81' lang='lat' dir='ltr'><strong>corn</strong></span> <span class='ocrx_word' id='word_1_232' title='bbox 1179 1798 1233 1846; x_wconf 80' lang='lat' dir='ltr'><strong>liaeo</strong></span> <span class='ocrx_word' id='word_1_233' title='bbox 1245 1797 1324 1846; x_wconf 86' lang='lat' dir='ltr'><strong>adhuc</strong></span> <span class='ocrx_word' id='word_1_234' title='bbox 1338 1803 1473 1859; x_wconf 88' lang='lat' dir='ltr'><strong>agerentur,</strong></span> <span class='ocrx_word' id='word_1_235' title='bbox 1488 1798 1578 1847; x_wconf 87' lang='lat' dir='ltr'><strong>clamor</strong></span> <span class='ocrx_word' id='word_1_236' title='bbox 1591 1798 1664 1848; x_wconf 74' lang='lat' dir='ltr'><strong>subite</strong></span> 
     </span>
     <span class='ocr_line' id='line_1_18' title="bbox 163 1867 1664 1959; baseline -0.001 -22"><span class='ocrx_word' id='word_1_237' title='bbox 163 1903 221 1959; x_wconf 85' lang='grc' dir='ltr'>ρετο</span> <span class='ocrx_word' id='word_1_238' title='bbox 237 1879 372 1956; x_wconf 81' lang='grc' dir='ltr'>συμμιγής</span> <span class='ocrx_word' id='word_1_239' title='bbox 386 1901 414 1937; x_wconf 87' lang='grc' dir='ltr'><strong>τι</strong></span> <span class='ocrx_word' id='word_1_240' title='bbox 433 1878 478 1936; x_wconf 85' lang='grc' dir='ltr'><strong>καὶ</strong></span> <span class='ocrx_word' id='word_1_241' title='bbox 498 1879 670 1956; x_wconf 78' lang='grc' dir='ltr'><strong>ταραχώδης,</strong></span> <span class='ocrx_word' id='word_1_242' title='bbox 690 1876 736 1935; x_wconf 84' lang='grc' dir='ltr'><strong>καί</strong></span> <span class='ocrx_word' id='word_1_243' title='bbox 756 1867 799 1935; x_wconf 79' lang='grc' dir='ltr'><strong>οἷα</strong></span> <span class='ocrx_word' id='word_1_244' title='bbox 818 1877 885 1943; x_wconf 82' lang='grc' dir='ltr'>εἰκὸς</span> <span class='ocrx_word' id='word_1_245' title='bbox 902 1875 952 1935; x_wconf 82' lang='grc' dir='ltr'>θπδ</span> <span class='ocrx_word' id='word_1_246' title='bbox 997 1888 1090 1948; x_wconf 88' lang='lat' dir='ltr'><strong>blatus,</strong></span> <span class='ocrx_word' id='word_1_247' title='bbox 1103 1886 1196 1935; x_wconf 79' lang='lat' dir='ltr'><strong>mixtus</strong></span> <span class='ocrx_word' id='word_1_248' title='bbox 1212 1899 1242 1935; x_wconf 87' lang='lat' dir='ltr'><strong>ac</strong></span> <span class='ocrx_word' id='word_1_249' title='bbox 1253 1886 1422 1945; x_wconf 87' lang='lat' dir='ltr'><strong>turbulentus,</strong></span> <span class='ocrx_word' id='word_1_250' title='bbox 1439 1887 1536 1948; x_wconf 87' lang='lat' dir='ltr'><strong>qualem</strong></span> <span class='ocrx_word' id='word_1_251' title='bbox 1548 1890 1664 1936; x_wconf 79' lang='lat' dir='ltr'><strong>consentu</strong></span> 
     </span>
     <span class='ocr_line' id='line_1_19' title="bbox 162 1963 1664 2047; baseline -0.001 -21"><span class='ocrx_word' id='word_1_252' title='bbox 162 1968 276 2039; x_wconf 80' lang='grc' dir='ltr'><strong>πλήθους</strong></span> <span class='ocrx_word' id='word_1_253' title='bbox 299 1966 408 2047; x_wconf 85' lang='grc' dir='ltr'>ἀπείρου</span> <span class='ocrx_word' id='word_1_254' title='bbox 432 1966 575 2045; x_wconf 87' lang='grc' dir='ltr'>ἀνθρώπων</span> <span class='ocrx_word' id='word_1_255' title='bbox 595 1963 766 2044; x_wconf 77' lang='grc' dir='ltr'><strong>συγκλύδων,</strong></span> <span class='ocrx_word' id='word_1_256' title='bbox 787 1969 813 2025; x_wconf 79' lang='lat' dir='ltr'><strong>&#39;l&#39;</strong></span> <span class='ocrx_word' id='word_1_257' title='bbox 815 1966 831 2023; x_wconf 89' lang='grc' dir='ltr'>δι</span> <span class='ocrx_word' id='word_1_258' title='bbox 853 1965 952 2046; x_wconf 83' lang='grc' dir='ltr'>πότρια</span> <span class='ocrx_word' id='word_1_259' title='bbox 998 1974 1159 2024; x_wconf 88' lang='lat' dir='ltr'><strong>multitudinis</strong></span> <span class='ocrx_word' id='word_1_260' title='bbox 1171 1974 1297 2023; x_wconf 90' lang='lat' dir='ltr'><strong>bominum</strong></span> <span class='ocrx_word' id='word_1_261' title='bbox 1309 1975 1470 2023; x_wconf 85' lang='lat' dir='ltr'><strong>coniertomm</strong></span> <span class='ocrx_word' id='word_1_262' title='bbox 1481 1975 1613 2034; x_wconf 83' lang='lat' dir='ltr'><strong>exstitisse,</strong></span> <span class='ocrx_word' id='word_1_263' title='bbox 1628 1978 1664 2024; x_wconf 87' lang='lat' dir='ltr'><strong>Pa</strong></span> 
     </span>
     <span class='ocr_line' id='line_1_20' title="bbox 162 2053 1664 2136; baseline -0.001 -21"><span class='ocrx_word' id='word_1_264' title='bbox 162 2056 306 2131; x_wconf 75' lang='grc' dir='ltr'>τελείσθω),</span> <span class='ocrx_word' id='word_1_265' title='bbox 331 2060 383 2115; x_wconf 89' lang='grc' dir='ltr'><strong>τῶν</strong></span> <span class='ocrx_word' id='word_1_266' title='bbox 407 2055 589 2136; x_wconf 84' lang='grc' dir='ltr'>περιεστώτων</span> <span class='ocrx_word' id='word_1_267' title='bbox 610 2053 808 2132; x_wconf 75' lang='grc' dir='ltr'>έκόοώντων,ἡ</span> <span class='ocrx_word' id='word_1_268' title='bbox 830 2077 952 2130; x_wconf 90' lang='grc' dir='ltr'>νενομισ-</span> <span class='ocrx_word' id='word_1_269' title='bbox 998 2063 1249 2125; x_wconf 87' lang='lat' dir='ltr'><strong>celebrentur,iisqui</strong></span> <span class='ocrx_word' id='word_1_270' title='bbox 1258 2062 1449 2112; x_wconf 83' lang='lat' dir='ltr'><strong>circumstabant</strong></span> <span class='ocrx_word' id='word_1_271' title='bbox 1456 2063 1664 2114; x_wconf 82' lang='lat' dir='ltr'><strong>exclamantibus:</strong></span> 
     </span>
    </p>

    <p class='ocr_par' dir='ltr' id='par_1_4' title="bbox 123 2142 1664 2574">
     <span class='ocr_line' id='line_1_21' title="bbox 123 2142 1664 2223; baseline 0 -22"><span class='ocrx_word' id='word_1_272' title='bbox 123 2163 150 2202; x_wconf 78' lang='grc' dir='ltr'>νο</span> <span class='ocrx_word' id='word_1_273' title='bbox 164 2144 231 2222; x_wconf 90' lang='grc' dir='ltr'>μένη</span> <span class='ocrx_word' id='word_1_274' title='bbox 246 2144 323 2202; x_wconf 85' lang='grc' dir='ltr'><strong>θυσία</strong></span> <span class='ocrx_word' id='word_1_275' title='bbox 336 2143 428 2202; x_wconf 90' lang='grc' dir='ltr'>λοιπδν</span> <span class='ocrx_word' id='word_1_276' title='bbox 443 2143 508 2223; x_wconf 79' lang='grc' dir='ltr'>ὑπὲρ</span> <span class='ocrx_word' id='word_1_277' title='bbox 520 2147 565 2201; x_wconf 78' lang='grc' dir='ltr'><strong>τοῦ</strong></span> <span class='ocrx_word' id='word_1_278' title='bbox 578 2142 663 2208; x_wconf 82' lang='grc' dir='ltr'><strong>ἔθνους</strong></span> <span class='ocrx_word' id='word_1_279' title='bbox 675 2142 855 2218; x_wconf 85' lang='grc' dir='ltr'>τελείσθω,αἱ</span> <span class='ocrx_word' id='word_1_280' title='bbox 866 2144 953 2221; x_wconf 81' lang='grc' dir='ltr'>ἀπαρ·</span> <span class='ocrx_word' id='word_1_281' title='bbox 998 2156 1022 2202; x_wconf 92' lang='lat' dir='ltr'><strong>el</strong></span> <span class='ocrx_word' id='word_1_282' title='bbox 1036 2153 1151 2202; x_wconf 89' lang='lat' dir='ltr'><strong>institutis</strong></span> <span class='ocrx_word' id='word_1_283' title='bbox 1166 2155 1290 2215; x_wconf 88' lang='lat' dir='ltr'><strong>receptum</strong></span> <span class='ocrx_word' id='word_1_284' title='bbox 1304 2152 1448 2201; x_wconf 78' lang='lat' dir='ltr'><strong>sacrificium</strong></span> <span class='ocrx_word' id='word_1_285' title='bbox 1465 2151 1576 2214; x_wconf 77' lang='lat' dir='ltr'><strong>detnoepe</strong></span> <span class='ocrx_word' id='word_1_286' title='bbox 1588 2166 1634 2215; x_wconf 91' lang='lat' dir='ltr'><strong>pro</strong></span> <span class='ocrx_word' id='word_1_287' title='bbox 1648 2168 1664 2215; x_wconf 86' lang='lat' dir='ltr'><strong>g</strong></span> 
     </span>
     <span class='ocr_line' id='line_1_22' title="bbox 163 2229 1664 2311; baseline 0.001 -21"><span class='ocrx_word' id='word_1_288' title='bbox 163 2232 210 2311; x_wconf 78' lang='grc' dir='ltr'><strong>χαί</strong></span> <span class='ocrx_word' id='word_1_289' title='bbox 225 2237 270 2290; x_wconf 78' lang='grc' dir='ltr'><strong>τοῦ</strong></span> <span class='ocrx_word' id='word_1_290' title='bbox 287 2231 405 2308; x_wconf 88' lang='grc' dir='ltr'>πολέμου</span> <span class='ocrx_word' id='word_1_291' title='bbox 425 2240 478 2298; x_wconf 87' lang='grc' dir='ltr'>τοῖς</span> <span class='ocrx_word' id='word_1_292' title='bbox 496 2236 561 2297; x_wconf 83' lang='grc' dir='ltr'><strong>θεοῖς</strong></span> <span class='ocrx_word' id='word_1_293' title='bbox 583 2229 817 2310; x_wconf 85' lang='grc' dir='ltr'>προσαγέσθωσαν.</span> <span class='ocrx_word' id='word_1_294' title='bbox 861 2229 953 2297; x_wconf 84' lang='grc' dir='ltr'>Συνείς</span> <span class='ocrx_word' id='word_1_295' title='bbox 998 2241 1111 2304; x_wconf 86' lang='lat' dir='ltr'><strong>primitiae</strong></span> <span class='ocrx_word' id='word_1_296' title='bbox 1121 2240 1177 2290; x_wconf 86' lang='lat' dir='ltr'><strong>belli</strong></span> <span class='ocrx_word' id='word_1_297' title='bbox 1186 2240 1297 2302; x_wconf 81' lang='lat' dir='ltr'><strong>deinceps</strong></span> <span class='ocrx_word' id='word_1_298' title='bbox 1306 2240 1448 2289; x_wconf 84' lang='lat' dir='ltr'><strong>alterantur.</strong></span> <span class='ocrx_word' id='word_1_299' title='bbox 1481 2241 1664 2302; x_wconf 87' lang='lat' dir='ltr'><strong>cumigilurint</strong></span> 
     </span>
     <span class='ocr_line' id='line_1_23' title="bbox 164 2311 1652 2398; baseline 0.001 -19"><span class='ocrx_word' id='word_1_300' title='bbox 164 2311 208 2379; x_wconf 77' lang='grc' dir='ltr'><strong>σύν</strong></span> <span class='ocrx_word' id='word_1_301' title='bbox 225 2325 239 2378; x_wconf 85' lang='grc' dir='ltr'>δ</span> <span class='ocrx_word' id='word_1_302' title='bbox 255 2321 393 2392; x_wconf 82' lang='grc' dir='ltr'>Ὑδάσπης</span> <span class='ocrx_word' id='word_1_303' title='bbox 407 2318 446 2378; x_wconf 80' lang='grc' dir='ltr'><strong>ὅτι</strong></span> <span class='ocrx_word' id='word_1_304' title='bbox 462 2319 510 2391; x_wconf 71' lang='grc' dir='ltr'><strong>τὴν</strong></span> <span class='ocrx_word' id='word_1_305' title='bbox 530 2318 757 2398; x_wconf 82' lang='grc' dir='ltr'>όνθρωποκτονίαν</span> <span class='ocrx_word' id='word_1_306' title='bbox 773 2321 952 2390; x_wconf 77' lang='grc' dir='ltr'>ἐπιζητοῦσιν,</span> <span class='ocrx_word' id='word_1_307' title='bbox 999 2329 1121 2391; x_wconf 78' lang='grc' dir='ltr'>Ηγθαεροε</span> <span class='ocrx_word' id='word_1_308' title='bbox 1133 2328 1199 2391; x_wconf 87' lang='lat' dir='ltr'><strong>qood</strong></span> <span class='ocrx_word' id='word_1_309' title='bbox 1211 2327 1342 2377; x_wconf 86' lang='lat' dir='ltr'><strong>humanam</strong></span> <span class='ocrx_word' id='word_1_310' title='bbox 1354 2329 1479 2379; x_wconf 81' lang='lat' dir='ltr'><strong>victimam</strong></span> <span class='ocrx_word' id='word_1_311' title='bbox 1499 2329 1652 2391; x_wconf 83' lang='lat' dir='ltr'><strong>flagitarent,</strong></span> 
     </span>
     <span class='ocr_line' id='line_1_24' title="bbox 164 2406 1664 2487; baseline 0.003 -23"><span class='ocrx_word' id='word_1_312' title='bbox 164 2408 197 2480; x_wconf 72' lang='grc' dir='ltr'>ἣν</span> <span class='ocrx_word' id='word_1_313' title='bbox 210 2408 253 2466; x_wconf 77' lang='grc' dir='ltr'><strong>ἐπί</strong></span> <span class='ocrx_word' id='word_1_314' title='bbox 268 2409 325 2476; x_wconf 86' lang='grc' dir='ltr'>ταῖς</span> <span class='ocrx_word' id='word_1_315' title='bbox 336 2406 405 2466; x_wconf 87' lang='grc' dir='ltr'>κατθι</span> <span class='ocrx_word' id='word_1_316' title='bbox 416 2410 468 2465; x_wconf 89' lang='grc' dir='ltr'><strong>τῶν</strong></span> <span class='ocrx_word' id='word_1_317' title='bbox 487 2406 639 2487; x_wconf 76' lang='grc' dir='ltr'>ἀλλοφύλων</span> <span class='ocrx_word' id='word_1_318' title='bbox 656 2406 739 2472; x_wconf 84' lang='grc' dir='ltr'>νίκαις</span> <span class='ocrx_word' id='word_1_319' title='bbox 754 2407 845 2483; x_wconf 85' lang='grc' dir='ltr'>μόναις</span> <span class='ocrx_word' id='word_1_320' title='bbox 859 2410 888 2464; x_wconf 83' lang='grc' dir='ltr'><strong>ἐκ</strong></span> <span class='ocrx_word' id='word_1_321' title='bbox 901 2408 953 2463; x_wconf 86' lang='grc' dir='ltr'><strong>τῶν</strong></span> <span class='ocrx_word' id='word_1_322' title='bbox 998 2417 1027 2467; x_wconf 90' lang='lat' dir='ltr'><strong>iis</strong></span> <span class='ocrx_word' id='word_1_323' title='bbox 1039 2419 1133 2466; x_wconf 90' lang='lat' dir='ltr'><strong>tantum</strong></span> <span class='ocrx_word' id='word_1_324' title='bbox 1148 2416 1190 2480; x_wconf 91' lang='lat' dir='ltr'><strong>qui</strong></span> <span class='ocrx_word' id='word_1_325' title='bbox 1202 2416 1226 2466; x_wconf 94' lang='lat' dir='ltr'><strong>in</strong></span> <span class='ocrx_word' id='word_1_326' title='bbox 1238 2418 1366 2479; x_wconf 79' lang='lat' dir='ltr'><strong>peregrinis</strong></span> <span class='ocrx_word' id='word_1_327' title='bbox 1376 2417 1446 2466; x_wconf 85' lang='lat' dir='ltr'><strong>bellis</strong></span> <span class='ocrx_word' id='word_1_328' title='bbox 1462 2419 1525 2480; x_wconf 84' lang='lat' dir='ltr'><strong>rapti</strong></span> <span class='ocrx_word' id='word_1_329' title='bbox 1538 2423 1617 2468; x_wconf 78' lang='lat' dir='ltr'><strong>essent</strong></span> <span class='ocrx_word' id='word_1_330' title='bbox 1629 2421 1664 2468; x_wconf 86' lang='lat' dir='ltr'><strong>oti</strong></span> 
     </span>
     <span class='ocr_line' id='line_1_25' title="bbox 166 2493 1646 2574; baseline 0.001 -19"><span class='ocrx_word' id='word_1_331' title='bbox 166 2497 345 2573; x_wconf 79' lang='grc' dir='ltr'>ἁλισκομένων</span> <span class='ocrx_word' id='word_1_332' title='bbox 361 2497 489 2555; x_wconf 84' lang='grc' dir='ltr'>ἐπιτελεῖν</span> <span class='ocrx_word' id='word_1_333' title='bbox 504 2496 626 2568; x_wconf 84' lang='grc' dir='ltr'>εἰώθασι,</span> <span class='ocrx_word' id='word_1_334' title='bbox 648 2494 807 2561; x_wconf 88' lang='grc' dir='ltr'>κατασείσας</span> <span class='ocrx_word' id='word_1_335' title='bbox 829 2498 862 2573; x_wconf 82' lang='grc' dir='ltr'><strong>τῇ</strong></span> <span class='ocrx_word' id='word_1_336' title='bbox 885 2493 954 2574; x_wconf 80' lang='grc' dir='ltr'>χειρί</span> <span class='ocrx_word' id='word_1_337' title='bbox 999 2507 1149 2555; x_wconf 82' lang='lat' dir='ltr'><strong>sueverant:</strong></span> <span class='ocrx_word' id='word_1_338' title='bbox 1171 2518 1245 2553; x_wconf 86' lang='lat' dir='ltr'><strong>manu</strong></span> <span class='ocrx_word' id='word_1_339' title='bbox 1258 2506 1353 2554; x_wconf 87' lang='lat' dir='ltr'><strong>silentio</strong></span> <span class='ocrx_word' id='word_1_340' title='bbox 1367 2506 1471 2554; x_wconf 89' lang='lat' dir='ltr'><strong>indicato</strong></span> <span class='ocrx_word' id='word_1_341' title='bbox 1486 2511 1510 2556; x_wconf 89' lang='lat' dir='ltr'><strong>et</strong></span> <span class='ocrx_word' id='word_1_342' title='bbox 1522 2508 1602 2556; x_wconf 87' lang='lat' dir='ltr'><strong>statim</strong></span> <span class='ocrx_word' id='word_1_343' title='bbox 1622 2508 1646 2556; x_wconf 92' lang='lat' dir='ltr'><strong>id</strong></span> 
     </span>
    </p>

    <p class='ocr_par' dir='ltr' id='par_1_5' title="bbox 126 2582 1664 2752">
     <span class='ocr_line' id='line_1_26' title="bbox 126 2582 1664 2662; baseline -0.001 -18"><span class='ocrx_word' id='word_1_344' title='bbox 126 2607 152 2645; x_wconf 82' lang='lat' dir='ltr'><strong>uo</strong></span> <span class='ocrx_word' id='word_1_345' title='bbox 166 2584 212 2644; x_wconf 81' lang='grc' dir='ltr'><strong>καί</strong></span> <span class='ocrx_word' id='word_1_346' title='bbox 234 2584 328 2643; x_wconf 85' lang='grc' dir='ltr'>αὐτίκα</span> <span class='ocrx_word' id='word_1_347' title='bbox 343 2583 373 2642; x_wconf 88' lang='grc' dir='ltr'><strong>τδ</strong></span> <span class='ocrx_word' id='word_1_348' title='bbox 393 2582 546 2662; x_wconf 78' lang='grc' dir='ltr'>αἰτούμενον</span> <span class='ocrx_word' id='word_1_349' title='bbox 567 2583 672 2642; x_wconf 82' lang='grc' dir='ltr'>ἔσεσθαι</span> <span class='ocrx_word' id='word_1_350' title='bbox 694 2584 747 2650; x_wconf 84' lang='grc' dir='ltr'>τοῖς</span> <span class='ocrx_word' id='word_1_351' title='bbox 769 2583 881 2660; x_wconf 86' lang='grc' dir='ltr'>νεύμασι</span> <span class='ocrx_word' id='word_1_352' title='bbox 903 2606 954 2654; x_wconf 91' lang='grc' dir='ltr'><strong>ση-</strong></span> <span class='ocrx_word' id='word_1_353' title='bbox 999 2594 1096 2643; x_wconf 87' lang='lat' dir='ltr'><strong>tcbatur</strong></span> <span class='ocrx_word' id='word_1_354' title='bbox 1118 2597 1309 2643; x_wconf 86' lang='lat' dir='ltr'><strong>consecutorum</strong></span> <span class='ocrx_word' id='word_1_355' title='bbox 1331 2607 1382 2643; x_wconf 83' lang='lat' dir='ltr'><strong>csse</strong></span> <span class='ocrx_word' id='word_1_356' title='bbox 1407 2595 1507 2644; x_wconf 89' lang='lat' dir='ltr'><strong>nutibus</strong></span> <span class='ocrx_word' id='word_1_357' title='bbox 1529 2595 1664 2658; x_wconf 72' lang='lat' dir='ltr'><strong>significati«</strong></span> 
     </span>
     <span class='ocr_line' id='line_1_27' title="bbox 167 2671 1664 2752; baseline 0.001 -20"><span class='ocrx_word' id='word_1_358' title='bbox 167 2672 334 2751; x_wconf 76' lang='grc' dir='ltr'>μήνας,τοθς</span> <span class='ocrx_word' id='word_1_359' title='bbox 346 2675 381 2739; x_wconf 91' lang='grc' dir='ltr'><strong>είς</strong></span> <span class='ocrx_word' id='word_1_360' title='bbox 392 2676 469 2732; x_wconf 76' lang='grc' dir='ltr'>τοῦτο</span> <span class='ocrx_word' id='word_1_361' title='bbox 478 2673 563 2730; x_wconf 90' lang='grc' dir='ltr'>ποίλαι</span> <span class='ocrx_word' id='word_1_362' title='bbox 576 2671 844 2752; x_wconf 79' lang='grc' dir='ltr'>ἀποκεκληρωμένους</span> <span class='ocrx_word' id='word_1_363' title='bbox 854 2673 954 2751; x_wconf 80' lang='grc' dir='ltr'>σίγμα·</span> <span class='ocrx_word' id='word_1_364' title='bbox 999 2683 1108 2744; x_wconf 77' lang='lat' dir='ltr'><strong>captivos</strong></span> <span class='ocrx_word' id='word_1_365' title='bbox 1128 2682 1170 2744; x_wconf 82' lang='lat' dir='ltr'><strong>qui</strong></span> <span class='ocrx_word' id='word_1_366' title='bbox 1188 2681 1218 2731; x_wconf 91' lang='lat' dir='ltr'><strong>ad</strong></span> <span class='ocrx_word' id='word_1_367' title='bbox 1238 2682 1261 2730; x_wconf 92' lang='lat' dir='ltr'><strong>id</strong></span> <span class='ocrx_word' id='word_1_368' title='bbox 1280 2683 1358 2744; x_wconf 86' lang='lat' dir='ltr'><strong>ipsum</strong></span> <span class='ocrx_word' id='word_1_369' title='bbox 1374 2683 1426 2743; x_wconf 78' lang='lat' dir='ltr'><strong>iam</strong></span> <span class='ocrx_word' id='word_1_370' title='bbox 1450 2684 1541 2745; x_wconf 82' lang='lat' dir='ltr'><strong>pridem</strong></span> <span class='ocrx_word' id='word_1_371' title='bbox 1560 2684 1664 2735; x_wconf 86' lang='lat' dir='ltr'><strong>destinat</strong></span> 
     </span>
    </p>

    <p class='ocr_par' dir='ltr' id='par_1_6' title="bbox 85 2750 1664 3017">
     <span class='ocr_line' id='line_1_28' title="bbox 85 2750 1664 2839; baseline 0.001 -18"><span class='ocrx_word' id='word_1_372' title='bbox 85 2776 89 2783; x_wconf 89' lang='lat'>&#39;</span> <span class='ocrx_word' id='word_1_373' title='bbox 167 2759 266 2828; x_wconf 87' lang='grc' dir='ltr'>λώτους</span> <span class='ocrx_word' id='word_1_374' title='bbox 280 2760 390 2837; x_wconf 81' lang='grc' dir='ltr'>ἄγεσθαι</span> <span class='ocrx_word' id='word_1_375' title='bbox 403 2759 589 2839; x_wconf 88' lang='grc' dir='ltr'>προσέταττεν.</span> <span class='ocrx_word' id='word_1_376' title='bbox 632 2750 954 2837; x_wconf 77' lang='grc' dir='ltr'>Ἤγοντοοθνοίτάίλλοι</span> <span class='ocrx_word' id='word_1_377' title='bbox 999 2771 1055 2820; x_wconf 89' lang='lat' dir='ltr'><strong>duci</strong></span> <span class='ocrx_word' id='word_1_378' title='bbox 1070 2771 1211 2834; x_wconf 87' lang='lat' dir='ltr'><strong>imperabat.</strong></span> <span class='ocrx_word' id='word_1_379' title='bbox 1244 2772 1400 2821; x_wconf 87' lang='lat' dir='ltr'><strong>Ducebantur</strong></span> <span class='ocrx_word' id='word_1_380' title='bbox 1415 2772 1557 2832; x_wconf 86' lang='lat' dir='ltr'><strong>igitnrcnm</strong></span> <span class='ocrx_word' id='word_1_381' title='bbox 1572 2773 1627 2834; x_wconf 85' lang='lat' dir='ltr'><strong>alii,</strong></span> <span class='ocrx_word' id='word_1_382' title='bbox 1643 2778 1664 2823; x_wconf 81' lang='lat' dir='ltr'><strong>ti</strong></span> 
     </span>
     <span class='ocr_line' id='line_1_29' title="bbox 167 2847 1664 2927; baseline 0.001 -17"><span class='ocrx_word' id='word_1_383' title='bbox 167 2850 212 2909; x_wconf 82' lang='grc' dir='ltr'><strong>καί</strong></span> <span class='ocrx_word' id='word_1_384' title='bbox 235 2854 249 2909; x_wconf 84' lang='grc' dir='ltr'>δ</span> <span class='ocrx_word' id='word_1_385' title='bbox 262 2847 399 2926; x_wconf 88' lang='grc' dir='ltr'>Θεαγένης</span> <span class='ocrx_word' id='word_1_386' title='bbox 412 2849 458 2907; x_wconf 81' lang='grc' dir='ltr'><strong>καί</strong></span> <span class='ocrx_word' id='word_1_387' title='bbox 476 2853 494 2920; x_wconf 72' lang='grc' dir='ltr'>ἡ</span> <span class='ocrx_word' id='word_1_388' title='bbox 509 2847 656 2927; x_wconf 84' lang='grc' dir='ltr'>Χαρίκλεια</span> <span class='ocrx_word' id='word_1_389' title='bbox 671 2852 722 2906; x_wconf 88' lang='grc' dir='ltr'><strong>τῶν</strong></span> <span class='ocrx_word' id='word_1_390' title='bbox 742 2872 771 2906; x_wconf 88' lang='grc' dir='ltr'><strong>τε</strong></span> <span class='ocrx_word' id='word_1_391' title='bbox 792 2850 895 2924; x_wconf 83' lang='grc' dir='ltr'>δεσμῶν</span> <span class='ocrx_word' id='word_1_392' title='bbox 910 2850 955 2906; x_wconf 90' lang='grc' dir='ltr'><strong>λε·</strong></span> <span class='ocrx_word' id='word_1_393' title='bbox 999 2873 1070 2921; x_wconf 85' lang='lat' dir='ltr'><strong>genes</strong></span> <span class='ocrx_word' id='word_1_394' title='bbox 1079 2863 1103 2908; x_wconf 89' lang='lat' dir='ltr'><strong>ot</strong></span> <span class='ocrx_word' id='word_1_395' title='bbox 1113 2860 1252 2919; x_wconf 83' lang='lat' dir='ltr'><strong>chariclea,</strong></span> <span class='ocrx_word' id='word_1_396' title='bbox 1266 2860 1337 2910; x_wconf 88' lang='lat' dir='ltr'><strong>soluti</strong></span> <span class='ocrx_word' id='word_1_397' title='bbox 1347 2861 1450 2910; x_wconf 84' lang='lat' dir='ltr'><strong>vinculis</strong></span> <span class='ocrx_word' id='word_1_398' title='bbox 1463 2865 1487 2910; x_wconf 91' lang='lat' dir='ltr'><strong>et</strong></span> <span class='ocrx_word' id='word_1_399' title='bbox 1504 2864 1612 2911; x_wconf 88' lang='lat' dir='ltr'><strong>coronati</strong></span> <span class='ocrx_word' id='word_1_400' title='bbox 1627 2882 1634 2912; x_wconf 78' lang='grc' dir='ltr'>ι</span> <span class='ocrx_word' id='word_1_401' title='bbox 1648 2869 1664 2911; x_wconf 86' lang='lat' dir='ltr'><strong>tr</strong></span> 
     </span>
     <span class='ocr_line' id='line_1_30' title="bbox 167 2927 1664 3017; baseline 0.001 -20"><span class='ocrx_word' id='word_1_402' title='bbox 167 2937 273 3016; x_wconf 90' lang='grc' dir='ltr'>λυμένοι</span> <span class='ocrx_word' id='word_1_403' title='bbox 290 2938 336 2996; x_wconf 82' lang='grc' dir='ltr'><strong>καί</strong></span> <span class='ocrx_word' id='word_1_404' title='bbox 355 2936 578 3013; x_wconf 87' lang='grc' dir='ltr'>κατεστεμμένοι,</span> <span class='ocrx_word' id='word_1_405' title='bbox 592 2937 717 3017; x_wconf 87' lang='grc' dir='ltr'>κατηφεῖς</span> <span class='ocrx_word' id='word_1_406' title='bbox 731 2936 792 3013; x_wconf 76' lang='grc' dir='ltr'>μέν,</span> <span class='ocrx_word' id='word_1_407' title='bbox 814 2927 857 2995; x_wconf 83' lang='grc' dir='ltr'><strong>σία</strong></span> <span class='ocrx_word' id='word_1_408' title='bbox 873 2935 955 3007; x_wconf 87' lang='grc' dir='ltr'>είκδς,</span> <span class='ocrx_word' id='word_1_409' title='bbox 1000 2948 1071 3007; x_wconf 90' lang='lat' dir='ltr'><strong>dem,</strong></span> <span class='ocrx_word' id='word_1_410' title='bbox 1082 2951 1110 2997; x_wconf 93' lang='lat' dir='ltr'><strong>ut</strong></span> <span class='ocrx_word' id='word_1_411' title='bbox 1126 2950 1163 2997; x_wconf 89' lang='lat' dir='ltr'><strong>est</strong></span> <span class='ocrx_word' id='word_1_412' title='bbox 1175 2954 1377 3008; x_wconf 89' lang='lat' dir='ltr'><strong>consentaneum,</strong></span> <span class='ocrx_word' id='word_1_413' title='bbox 1390 2950 1443 3007; x_wconf 90' lang='lat' dir='ltr'><strong>alii,</strong></span> <span class='ocrx_word' id='word_1_414' title='bbox 1454 2950 1533 2998; x_wconf 87' lang='lat' dir='ltr'><strong>minus</strong></span> <span class='ocrx_word' id='word_1_415' title='bbox 1543 2952 1627 2999; x_wconf 85' lang='lat' dir='ltr'><strong>autem</strong></span> <span class='ocrx_word' id='word_1_416' title='bbox 1639 2951 1664 2999; x_wconf 82' lang='lat' dir='ltr'><strong>tt</strong></span> 
     </span>
    </p>

    <p class='ocr_par' dir='ltr' id='par_1_7' title="bbox 127 3024 1664 3459">
     <span class='ocr_line' id='line_1_31' title="bbox 127 3024 1664 3105; baseline 0.001 -19"><span class='ocrx_word' id='word_1_417' title='bbox 127 3047 155 3086; x_wconf 85' lang='lat' dir='ltr'><strong>aa</strong></span> <span class='ocrx_word' id='word_1_418' title='bbox 167 3030 190 3086; x_wconf 94' lang='grc' dir='ltr'>οί</span> <span class='ocrx_word' id='word_1_419' title='bbox 204 3026 297 3097; x_wconf 75' lang='grc' dir='ltr'>ἄλλοι,</span> <span class='ocrx_word' id='word_1_420' title='bbox 316 3028 330 3084; x_wconf 81' lang='grc' dir='ltr'>ὁ</span> <span class='ocrx_word' id='word_1_421' title='bbox 345 3024 480 3104; x_wconf 75' lang='grc' dir='ltr'>Θεαγένης</span> <span class='ocrx_word' id='word_1_422' title='bbox 495 3026 517 3082; x_wconf 92' lang='grc' dir='ltr'><strong>δ’</strong></span> <span class='ocrx_word' id='word_1_423' title='bbox 533 3027 576 3083; x_wconf 80' lang='grc' dir='ltr'>ἐπ’</span> <span class='ocrx_word' id='word_1_424' title='bbox 592 3024 718 3098; x_wconf 78' lang='grc' dir='ltr'>ἔλαττον,</span> <span class='ocrx_word' id='word_1_425' title='bbox 732 3029 749 3097; x_wconf 76' lang='grc' dir='ltr'>ἡ</span> <span class='ocrx_word' id='word_1_426' title='bbox 761 3025 911 3105; x_wconf 81' lang='grc' dir='ltr'>Χαρίκλεια</span> <span class='ocrx_word' id='word_1_427' title='bbox 928 3024 955 3082; x_wconf 82' lang='grc' dir='ltr'><strong>δὲ</strong></span> <span class='ocrx_word' id='word_1_428' title='bbox 999 3039 1025 3086; x_wconf 87' lang='lat' dir='ltr'><strong>at</strong></span> <span class='ocrx_word' id='word_1_429' title='bbox 1034 3037 1157 3086; x_wconf 78' lang='lat' dir='ltr'><strong>Charicles</strong></span> <span class='ocrx_word' id='word_1_430' title='bbox 1172 3037 1228 3086; x_wconf 74' lang='lat' dir='ltr'><strong>lato</strong></span> <span class='ocrx_word' id='word_1_431' title='bbox 1239 3038 1308 3085; x_wconf 80' lang='lat' dir='ltr'><strong>vulto</strong></span> <span class='ocrx_word' id='word_1_432' title='bbox 1323 3051 1351 3087; x_wconf 88' lang='lat' dir='ltr'><strong>ac</strong></span> <span class='ocrx_word' id='word_1_433' title='bbox 1366 3037 1468 3098; x_wconf 82' lang='lat' dir='ltr'><strong>ridenti,</strong></span> <span class='ocrx_word' id='word_1_434' title='bbox 1480 3042 1594 3101; x_wconf 84' lang='lat' dir='ltr'><strong>perpetuo</strong></span> <span class='ocrx_word' id='word_1_435' title='bbox 1604 3042 1631 3089; x_wconf 90' lang='lat' dir='ltr'><strong>et</strong></span> <span class='ocrx_word' id='word_1_436' title='bbox 1644 3054 1664 3087; x_wconf 66' lang='lat' dir='ltr'><strong>u,</strong></span> 
     </span>
     <span class='ocr_line' id='line_1_32' title="bbox 167 3113 1664 3195; baseline 0 -21"><span class='ocrx_word' id='word_1_437' title='bbox 167 3113 213 3174; x_wconf 84' lang='grc' dir='ltr'><strong>καί</strong></span> <span class='ocrx_word' id='word_1_438' title='bbox 227 3116 328 3195; x_wconf 84' lang='grc' dir='ltr'>φαιδρῷ</span> <span class='ocrx_word' id='word_1_439' title='bbox 340 3117 377 3194; x_wconf 81' lang='grc' dir='ltr'><strong>τῷ</strong></span> <span class='ocrx_word' id='word_1_440' title='bbox 389 3114 524 3194; x_wconf 82' lang='grc' dir='ltr'>προσώπῳ</span> <span class='ocrx_word' id='word_1_441' title='bbox 536 3113 582 3172; x_wconf 83' lang='grc' dir='ltr'><strong>καὶ</strong></span> <span class='ocrx_word' id='word_1_442' title='bbox 591 3117 740 3190; x_wconf 86' lang='grc' dir='ltr'>μιιδιῶντι,</span> <span class='ocrx_word' id='word_1_443' title='bbox 754 3114 860 3194; x_wconf 85' lang='grc' dir='ltr'>συνεχές</span> <span class='ocrx_word' id='word_1_444' title='bbox 870 3137 898 3171; x_wconf 87' lang='grc' dir='ltr'><strong>τε</strong></span> <span class='ocrx_word' id='word_1_445' title='bbox 910 3113 955 3171; x_wconf 86' lang='grc' dir='ltr'><strong>καὶ</strong></span> <span class='ocrx_word' id='word_1_446' title='bbox 1001 3126 1121 3174; x_wconf 82' lang='lat' dir='ltr'><strong>Persinam</strong></span> <span class='ocrx_word' id='word_1_447' title='bbox 1135 3125 1231 3174; x_wconf 85' lang='lat' dir='ltr'><strong>intuens</strong></span> <span class='ocrx_word' id='word_1_448' title='bbox 1244 3144 1251 3173; x_wconf 78' lang='lat' dir='ltr'><strong><em>z</em></strong></span> <span class='ocrx_word' id='word_1_449' title='bbox 1265 3127 1292 3174; x_wconf 87' lang='lat' dir='ltr'><strong>ot</strong></span> <span class='ocrx_word' id='word_1_450' title='bbox 1309 3129 1333 3174; x_wconf 90' lang='lat' dir='ltr'><strong>et</strong></span> <span class='ocrx_word' id='word_1_451' title='bbox 1345 3125 1385 3174; x_wconf 87' lang='lat' dir='ltr'><strong>iila</strong></span> <span class='ocrx_word' id='word_1_452' title='bbox 1401 3126 1482 3187; x_wconf 86' lang='lat' dir='ltr'><strong>aliquo</strong></span> <span class='ocrx_word' id='word_1_453' title='bbox 1495 3126 1567 3173; x_wconf 92' lang='lat' dir='ltr'><strong>modo</strong></span> <span class='ocrx_word' id='word_1_454' title='bbox 1578 3125 1664 3187; x_wconf 84' lang='lat' dir='ltr'><strong>adspec</strong></span> 
     </span>
     <span class='ocr_line' id='line_1_33' title="bbox 169 3200 1664 3283; baseline 0.003 -23"><span class='ocrx_word' id='word_1_455' title='bbox 169 3204 255 3269; x_wconf 81' lang='grc' dir='ltr'>ἀτενὲς</span> <span class='ocrx_word' id='word_1_456' title='bbox 270 3206 305 3267; x_wconf 82' lang='grc' dir='ltr'><strong>εἰς</strong></span> <span class='ocrx_word' id='word_1_457' title='bbox 322 3202 370 3273; x_wconf 79' lang='grc' dir='ltr'><strong>τὴν</strong></span> <span class='ocrx_word' id='word_1_458' title='bbox 385 3200 516 3280; x_wconf 86' lang='grc' dir='ltr'>Περσίναν</span> <span class='ocrx_word' id='word_1_459' title='bbox 530 3204 670 3283; x_wconf 81' lang='grc' dir='ltr'>ἀφορῶσα·</span> <span class='ocrx_word' id='word_1_460' title='bbox 689 3201 757 3262; x_wconf 80' lang='grc' dir='ltr'>ὥστε</span> <span class='ocrx_word' id='word_1_461' title='bbox 771 3202 894 3274; x_wconf 73' lang='grc' dir='ltr'>κάκείνην</span> <span class='ocrx_word' id='word_1_462' title='bbox 905 3225 955 3260; x_wconf 88' lang='grc' dir='ltr'><strong>πα·</strong></span> <span class='ocrx_word' id='word_1_463' title='bbox 1002 3218 1072 3262; x_wconf 85' lang='lat' dir='ltr'><strong>retur</strong></span> <span class='ocrx_word' id='word_1_464' title='bbox 1094 3217 1118 3263; x_wconf 90' lang='lat' dir='ltr'><strong>ct</strong></span> <span class='ocrx_word' id='word_1_465' title='bbox 1142 3213 1308 3263; x_wconf 81' lang='lat' dir='ltr'><strong>veliementius</strong></span> <span class='ocrx_word' id='word_1_466' title='bbox 1332 3215 1502 3276; x_wconf 87' lang='lat' dir='ltr'><strong>ingemiscens,</strong></span> <span class='ocrx_word' id='word_1_467' title='bbox 1521 3216 1542 3262; x_wconf 93' lang='lat'>0</span> <span class='ocrx_word' id='word_1_468' title='bbox 1562 3219 1664 3275; x_wconf 88' lang='lat' dir='ltr'><strong>marite,</strong></span> 
     </span>
     <span class='ocr_line' id='line_1_34' title="bbox 169 3280 1664 3371; baseline 0.003 -23"><span class='ocrx_word' id='word_1_469' title='bbox 169 3296 220 3348; x_wconf 90' lang='grc' dir='ltr'>θεῖν</span> <span class='ocrx_word' id='word_1_470' title='bbox 233 3315 259 3348; x_wconf 91' lang='grc' dir='ltr'><strong>τι</strong></span> <span class='ocrx_word' id='word_1_471' title='bbox 273 3289 337 3367; x_wconf 80' lang='grc' dir='ltr'>πρὸς</span> <span class='ocrx_word' id='word_1_472' title='bbox 352 3290 399 3362; x_wconf 79' lang='grc' dir='ltr'><strong>τὴν</strong></span> <span class='ocrx_word' id='word_1_473' title='bbox 410 3289 470 3371; x_wconf 79' lang='grc' dir='ltr'>όψιν</span> <span class='ocrx_word' id='word_1_474' title='bbox 485 3289 530 3347; x_wconf 85' lang='grc' dir='ltr'><strong>καί</strong></span> <span class='ocrx_word' id='word_1_475' title='bbox 543 3291 629 3368; x_wconf 90' lang='grc' dir='ltr'>βύθιον</span> <span class='ocrx_word' id='word_1_476' title='bbox 641 3290 818 3367; x_wconf 80' lang='grc' dir='ltr'>στενόξασαν,</span> <span class='ocrx_word' id='word_1_477' title='bbox 831 3280 871 3348; x_wconf 68' lang='lat' dir='ltr'><strong>³ss</strong></span> <span class='ocrx_word' id='word_1_478' title='bbox 883 3289 954 3365; x_wconf 78' lang='lat' dir='ltr'><strong>c‘r&#39;vep,</strong></span> <span class='ocrx_word' id='word_1_479' title='bbox 1001 3302 1097 3363; x_wconf 84' lang='lat' dir='ltr'><strong>qrralem</strong></span> <span class='ocrx_word' id='word_1_480' title='bbox 1111 3301 1226 3363; x_wconf 82' lang='lat' dir='ltr'><strong>virginem</strong></span> <span class='ocrx_word' id='word_1_481' title='bbox 1242 3302 1272 3350; x_wconf 86' lang='lat' dir='ltr'><strong>ad</strong></span> <span class='ocrx_word' id='word_1_482' title='bbox 1290 3303 1436 3351; x_wconf 81' lang='lat' dir='ltr'><strong>sacrificium</strong></span> <span class='ocrx_word' id='word_1_483' title='bbox 1456 3303 1579 3364; x_wconf 74' lang='lat' dir='ltr'><strong>delegisti?</strong></span> <span class='ocrx_word' id='word_1_484' title='bbox 1597 3303 1664 3353; x_wconf 88' lang='lat' dir='ltr'><strong>tlood</strong></span> 
     </span>
     <span class='ocr_line' id='line_1_35' title="bbox 170 3369 1664 3459; baseline 0.001 -20"><span class='ocrx_word' id='word_1_485' title='bbox 170 3382 266 3451; x_wconf 80' lang='grc' dir='ltr'>εἰπεῖν,</span> <span class='ocrx_word' id='word_1_486' title='bbox 284 3377 341 3438; x_wconf 82' lang='grc' dir='ltr'>οίαν</span> <span class='ocrx_word' id='word_1_487' title='bbox 358 3379 438 3459; x_wconf 89' lang='grc' dir='ltr'>κόρην</span> <span class='ocrx_word' id='word_1_488' title='bbox 454 3380 490 3444; x_wconf 84' lang='grc' dir='ltr'><strong>εἷς</strong></span> <span class='ocrx_word' id='word_1_489' title='bbox 505 3376 553 3447; x_wconf 74' lang='grc' dir='ltr'><strong>τὴν</strong></span> <span class='ocrx_word' id='word_1_490' title='bbox 571 3377 661 3436; x_wconf 92' lang='grc' dir='ltr'>θυσίαν</span> <span class='ocrx_word' id='word_1_491' title='bbox 676 3369 956 3450; x_wconf 81' lang='grc' dir='ltr'>ἐπιλέλεξαι,ούκοίδ’</span> <span class='ocrx_word' id='word_1_492' title='bbox 1001 3390 1104 3438; x_wconf 82' lang='lat' dir='ltr'><strong>viderim</strong></span> <span class='ocrx_word' id='word_1_493' title='bbox 1125 3390 1198 3438; x_wconf 89' lang='lat' dir='ltr'><strong>talem</strong></span> <span class='ocrx_word' id='word_1_494' title='bbox 1217 3390 1327 3439; x_wconf 82' lang='lat' dir='ltr'><strong>sormam.</strong></span> <span class='ocrx_word' id='word_1_495' title='bbox 1362 3396 1440 3450; x_wconf 86' lang='lat' dir='ltr'><strong>Quam</strong></span> <span class='ocrx_word' id='word_1_496' title='bbox 1462 3394 1498 3439; x_wconf 86' lang='lat' dir='ltr'><strong>est</strong></span> <span class='ocrx_word' id='word_1_497' title='bbox 1520 3405 1664 3453; x_wconf 73' lang='lat' dir='ltr'><strong>generoso«</strong></span> 
     </span>
    </p>

    <p class='ocr_par' dir='ltr' id='par_1_8' title="bbox 128 3464 1664 3988">
     <span class='ocr_line' id='line_1_36' title="bbox 129 3464 1664 3545; baseline 0.001 -18"><span class='ocrx_word' id='word_1_498' title='bbox 129 3490 154 3527; x_wconf 79' lang='lat' dir='ltr'><strong>su</strong></span> <span class='ocrx_word' id='word_1_499' title='bbox 170 3471 259 3528; x_wconf 83' lang='grc' dir='ltr'>ἰδοῦσα</span> <span class='ocrx_word' id='word_1_500' title='bbox 275 3474 390 3526; x_wconf 81' lang='grc' dir='ltr'>τοιοῦτον</span> <span class='ocrx_word' id='word_1_501' title='bbox 403 3466 514 3533; x_wconf 81' lang='grc' dir='ltr'>κιίλλος·</span> <span class='ocrx_word' id='word_1_502' title='bbox 527 3465 602 3530; x_wconf 79' lang='grc' dir='ltr'>ὡςδὲ</span> <span class='ocrx_word' id='word_1_503' title='bbox 615 3467 659 3524; x_wconf 83' lang='grc' dir='ltr'><strong>καί</strong></span> <span class='ocrx_word' id='word_1_504' title='bbox 672 3465 776 3544; x_wconf 75' lang='grc' dir='ltr'>εὐγενὴς</span> <span class='ocrx_word' id='word_1_505' title='bbox 790 3465 820 3523; x_wconf 87' lang='grc' dir='ltr'><strong>τδ</strong></span> <span class='ocrx_word' id='word_1_506' title='bbox 832 3464 955 3545; x_wconf 83' lang='grc' dir='ltr'>βλέμμα·</span> <span class='ocrx_word' id='word_1_507' title='bbox 1002 3479 1085 3527; x_wconf 82' lang='lat' dir='ltr'><strong>vultui</strong></span> <span class='ocrx_word' id='word_1_508' title='bbox 1105 3483 1183 3538; x_wconf 86' lang='lat' dir='ltr'><strong>Quam</strong></span> <span class='ocrx_word' id='word_1_509' title='bbox 1201 3491 1288 3538; x_wconf 82' lang='lat' dir='ltr'><strong>magno</strong></span> <span class='ocrx_word' id='word_1_510' title='bbox 1300 3483 1325 3528; x_wconf 88' lang='lat' dir='ltr'><strong>et</strong></span> <span class='ocrx_word' id='word_1_511' title='bbox 1336 3479 1432 3528; x_wconf 81' lang='lat' dir='ltr'><strong>excelso</strong></span> <span class='ocrx_word' id='word_1_512' title='bbox 1452 3480 1533 3528; x_wconf 91' lang='lat' dir='ltr'><strong>animo</strong></span> <span class='ocrx_word' id='word_1_513' title='bbox 1552 3479 1664 3530; x_wconf 72' lang='lat' dir='ltr'><strong>todonae</strong></span> 
     </span>
     <span class='ocr_line' id='line_1_37' title="bbox 170 3552 1664 3635; baseline 0.003 -20"><span class='ocrx_word' id='word_1_514' title='bbox 170 3561 206 3624; x_wconf 88' lang='grc' dir='ltr'><strong>ώς</strong></span> <span class='ocrx_word' id='word_1_515' title='bbox 221 3557 306 3614; x_wconf 82' lang='grc' dir='ltr'>δὲκαὶ</span> <span class='ocrx_word' id='word_1_516' title='bbox 321 3554 494 3635; x_wconf 77' lang='grc' dir='ltr'>μεγαλόφρων</span> <span class='ocrx_word' id='word_1_517' title='bbox 513 3554 579 3635; x_wconf 83' lang='grc' dir='ltr'>πρὸς</span> <span class='ocrx_word' id='word_1_518' title='bbox 593 3553 641 3624; x_wconf 74' lang='grc' dir='ltr'><strong>τὴν</strong></span> <span class='ocrx_word' id='word_1_519' title='bbox 655 3554 751 3632; x_wconf 79' lang='grc' dir='ltr'>τύχην·</span> <span class='ocrx_word' id='word_1_520' title='bbox 767 3558 801 3619; x_wconf 82' lang='grc' dir='ltr'><strong>ὡς</strong></span> <span class='ocrx_word' id='word_1_521' title='bbox 816 3553 838 3611; x_wconf 88' lang='grc' dir='ltr'><strong>δ’</strong></span> <span class='ocrx_word' id='word_1_522' title='bbox 857 3552 956 3626; x_wconf 73' lang='grc' dir='ltr'>ἐλεεινὴ</span> <span class='ocrx_word' id='word_1_523' title='bbox 1002 3569 1081 3624; x_wconf 73' lang='grc' dir='ltr'>ουσιαι</span> <span class='ocrx_word' id='word_1_524' title='bbox 1094 3566 1126 3616; x_wconf 92' lang='lat' dir='ltr'><strong>ob</strong></span> <span class='ocrx_word' id='word_1_525' title='bbox 1138 3566 1222 3616; x_wconf 84' lang='lat' dir='ltr'><strong>florem</strong></span> <span class='ocrx_word' id='word_1_526' title='bbox 1233 3568 1312 3617; x_wconf 84' lang='lat' dir='ltr'><strong>rotatis</strong></span> <span class='ocrx_word' id='word_1_527' title='bbox 1326 3569 1534 3617; x_wconf 84' lang='lat' dir='ltr'><strong>commiseratione</strong></span> <span class='ocrx_word' id='word_1_528' title='bbox 1545 3569 1581 3618; x_wconf 91' lang='lat' dir='ltr'><strong>sui</strong></span> <span class='ocrx_word' id='word_1_529' title='bbox 1592 3583 1664 3619; x_wconf 84' lang='lat' dir='ltr'><strong>contu</strong></span> 
     </span>
     <span class='ocr_line' id='line_1_38' title="bbox 170 3641 1664 3722; baseline 0.003 -20"><span class='ocrx_word' id='word_1_530' title='bbox 170 3650 217 3717; x_wconf 68' lang='grc' dir='ltr'><strong>τῆς</strong></span> <span class='ocrx_word' id='word_1_531' title='bbox 234 3644 303 3703; x_wconf 77' lang='grc' dir='ltr'>κατθ</span> <span class='ocrx_word' id='word_1_532' title='bbox 321 3644 367 3714; x_wconf 72' lang='grc' dir='ltr'><strong>τὴν</strong></span> <span class='ocrx_word' id='word_1_533' title='bbox 383 3642 489 3713; x_wconf 73' lang='grc' dir='ltr'>ἡλικίαν</span> <span class='ocrx_word' id='word_1_534' title='bbox 504 3645 607 3719; x_wconf 69' lang='grc' dir='ltr'>ἀκμῆς,</span> <span class='ocrx_word' id='word_1_535' title='bbox 628 3645 650 3701; x_wconf 87' lang='grc' dir='ltr'><strong>εί</strong></span> <span class='ocrx_word' id='word_1_536' title='bbox 665 3643 792 3722; x_wconf 85' lang='grc' dir='ltr'>περιεῖναι</span> <span class='ocrx_word' id='word_1_537' title='bbox 807 3641 957 3702; x_wconf 73' lang='grc' dir='ltr'>συνέόαινεν</span> <span class='ocrx_word' id='word_1_538' title='bbox 1003 3657 1086 3705; x_wconf 89' lang='lat' dir='ltr'><strong>murnl</strong></span> <span class='ocrx_word' id='word_1_539' title='bbox 1109 3657 1134 3706; x_wconf 87' lang='lat' dir='ltr'><strong>Si</strong></span> <span class='ocrx_word' id='word_1_540' title='bbox 1155 3669 1279 3718; x_wconf 80' lang='lat' dir='ltr'><strong>superesse</strong></span> <span class='ocrx_word' id='word_1_541' title='bbox 1294 3657 1430 3717; x_wconf 82' lang='lat' dir='ltr'><strong>contigisset</strong></span> <span class='ocrx_word' id='word_1_542' title='bbox 1442 3657 1514 3705; x_wconf 89' lang='lat' dir='ltr'><strong>semel</strong></span> <span class='ocrx_word' id='word_1_543' title='bbox 1526 3661 1593 3706; x_wconf 76' lang='grc' dir='ltr'>σιτία</span> <span class='ocrx_word' id='word_1_544' title='bbox 1612 3672 1664 3708; x_wconf 75' lang='lat' dir='ltr'><strong>eone</strong></span> 
     </span>
     <span class='ocr_line' id='line_1_39' title="bbox 171 3730 1664 3812; baseline 0.004 -22"><span class='ocrx_word' id='word_1_545' title='bbox 171 3734 280 3810; x_wconf 79' lang='grc' dir='ltr'>ἡμῖντὸ</span> <span class='ocrx_word' id='word_1_546' title='bbox 302 3732 373 3800; x_wconf 76' lang='grc' dir='ltr'>ἅπαξ</span> <span class='ocrx_word' id='word_1_547' title='bbox 386 3755 432 3809; x_wconf 88' lang='grc' dir='ltr'><strong>μοι</strong></span> <span class='ocrx_word' id='word_1_548' title='bbox 449 3730 542 3803; x_wconf 76' lang='grc' dir='ltr'>κυηθὲν</span> <span class='ocrx_word' id='word_1_549' title='bbox 566 3730 611 3789; x_wconf 84' lang='grc' dir='ltr'><strong>καί</strong></span> <span class='ocrx_word' id='word_1_550' title='bbox 625 3735 712 3798; x_wconf 87' lang='grc' dir='ltr'>κακῶς</span> <span class='ocrx_word' id='word_1_551' title='bbox 725 3733 860 3799; x_wconf 78' lang='grc' dir='ltr'>ἀπολωλὸς</span> <span class='ocrx_word' id='word_1_552' title='bbox 877 3733 957 3812; x_wconf 87' lang='grc' dir='ltr'>θυγοί-</span> <span class='ocrx_word' id='word_1_553' title='bbox 1002 3746 1065 3795; x_wconf 87' lang='lat' dir='ltr'><strong>male</strong></span> <span class='ocrx_word' id='word_1_554' title='bbox 1084 3746 1197 3794; x_wconf 88' lang='lat' dir='ltr'><strong>amissam</strong></span> <span class='ocrx_word' id='word_1_555' title='bbox 1212 3745 1323 3803; x_wconf 82' lang='lat' dir='ltr'><strong>filiolam,</strong></span> <span class='ocrx_word' id='word_1_556' title='bbox 1346 3745 1521 3807; x_wconf 87' lang='lat' dir='ltr'><strong>propemodum</strong></span> <span class='ocrx_word' id='word_1_557' title='bbox 1536 3746 1638 3797; x_wconf 91' lang='lat' dir='ltr'><strong>lotidem</strong></span> <span class='ocrx_word' id='word_1_558' title='bbox 1658 3749 1664 3796; x_wconf 92' lang='lat' dir='ltr'><strong>i</strong></span> 
     </span>
     <span class='ocr_line' id='line_1_40' title="bbox 171 3818 1664 3899; baseline 0.006 -23"><span class='ocrx_word' id='word_1_559' title='bbox 171 3843 254 3899; x_wconf 90' lang='grc' dir='ltr'>τριον,</span> <span class='ocrx_word' id='word_1_560' title='bbox 272 3824 299 3878; x_wconf 78' lang='grc' dir='ltr'>ἐν</span> <span class='ocrx_word' id='word_1_561' title='bbox 313 3820 378 3885; x_wconf 75' lang='grc' dir='ltr'>ἴσοις</span> <span class='ocrx_word' id='word_1_562' title='bbox 391 3843 442 3878; x_wconf 90' lang='grc' dir='ltr'>που</span> <span class='ocrx_word' id='word_1_563' title='bbox 456 3818 540 3898; x_wconf 82' lang='grc' dir='ltr'>ταύτῃ</span> <span class='ocrx_word' id='word_1_564' title='bbox 553 3822 606 3885; x_wconf 88' lang='grc' dir='ltr'>τοῖς</span> <span class='ocrx_word' id='word_1_565' title='bbox 623 3819 705 3877; x_wconf 85' lang='grc' dir='ltr'>ἔτεσιν</span> <span class='ocrx_word' id='word_1_566' title='bbox 720 3819 865 3891; x_wconf 79' lang='grc' dir='ltr'>ἐξητάζετο.</span> <span class='ocrx_word' id='word_1_567' title='bbox 888 3820 958 3880; x_wconf 77' lang='grc' dir='ltr'><strong>Ἀλλ’</strong></span> <span class='ocrx_word' id='word_1_568' title='bbox 1002 3847 1090 3894; x_wconf 84' lang='lat' dir='ltr'><strong>annos,</strong></span> <span class='ocrx_word' id='word_1_569' title='bbox 1109 3837 1170 3896; x_wconf 88' lang='lat' dir='ltr'><strong>quot</strong></span> <span class='ocrx_word' id='word_1_570' title='bbox 1182 3834 1249 3894; x_wconf 81' lang='lat' dir='ltr'><strong>lrmc,</strong></span> <span class='ocrx_word' id='word_1_571' title='bbox 1262 3833 1489 3896; x_wconf 82' lang='lat' dir='ltr'><strong>deprehenderetur.</strong></span> <span class='ocrx_word' id='word_1_572' title='bbox 1523 3838 1569 3887; x_wconf 90' lang='lat' dir='ltr'><strong>Sed</strong></span> <span class='ocrx_word' id='word_1_573' title='bbox 1583 3836 1664 3885; x_wconf 90' lang='lat' dir='ltr'><strong>utinan</strong></span> 
     </span>
     <span class='ocr_line' id='line_1_41' title="bbox 128 3897 1661 3988; baseline 0.007 -25"><span class='ocrx_word' id='word_1_574' title='bbox 128 3925 156 3965; x_wconf 81' lang='lat' dir='ltr'><strong>to</strong></span> <span class='ocrx_word' id='word_1_575' title='bbox 171 3907 222 3965; x_wconf 83' lang='grc' dir='ltr'>εἴθε</span> <span class='ocrx_word' id='word_1_576' title='bbox 233 3932 280 3984; x_wconf 90' lang='grc' dir='ltr'><strong>γε,</strong></span> <span class='ocrx_word' id='word_1_577' title='bbox 293 3897 397 3987; x_wconf 80' lang='grc' dir='ltr'>ώαίνερ,</span> <span class='ocrx_word' id='word_1_578' title='bbox 412 3911 471 3978; x_wconf 75' lang='grc' dir='ltr'>ἐνῆν</span> <span class='ocrx_word' id='word_1_579' title='bbox 482 3911 538 3974; x_wconf 86' lang='grc' dir='ltr'>πῶς</span> <span class='ocrx_word' id='word_1_580' title='bbox 548 3905 679 3975; x_wconf 78' lang='grc' dir='ltr'>ἐξελέσθαι</span> <span class='ocrx_word' id='word_1_581' title='bbox 691 3905 738 3978; x_wconf 75' lang='grc' dir='ltr'><strong>τὴν</strong></span> <span class='ocrx_word' id='word_1_582' title='bbox 748 3907 844 3988; x_wconf 89' lang='grc' dir='ltr'>κόρην,</span> <span class='ocrx_word' id='word_1_583' title='bbox 857 3906 957 3977; x_wconf 78' lang='grc' dir='ltr'>πολλὴν</span> <span class='ocrx_word' id='word_1_584' title='bbox 1003 3925 1103 3983; x_wconf 83' lang='grc' dir='ltr'>ιιιατίίο,</span> <span class='ocrx_word' id='word_1_585' title='bbox 1122 3923 1203 3985; x_wconf 87' lang='lat' dir='ltr'><strong>aliquo</strong></span> <span class='ocrx_word' id='word_1_586' title='bbox 1224 3923 1297 3972; x_wconf 82' lang='lat' dir='ltr'><strong>niodo</strong></span> <span class='ocrx_word' id='word_1_587' title='bbox 1319 3923 1419 3972; x_wconf 85' lang='lat' dir='ltr'><strong>liberare</strong></span> <span class='ocrx_word' id='word_1_588' title='bbox 1437 3923 1499 3972; x_wconf 82' lang='lat' dir='ltr'><strong>lianc</strong></span> <span class='ocrx_word' id='word_1_589' title='bbox 1521 3938 1527 3970; x_wconf 92' lang='lat'>:</span> <span class='ocrx_word' id='word_1_590' title='bbox 1549 3937 1661 3985; x_wconf 81' lang='lat' dir='ltr'><strong>magnam</strong></span> 
     </span>
    </p>

    <p class='ocr_par' dir='ltr' id='par_1_9' title="bbox 77 3994 1665 4344">
     <span class='ocr_line' id='line_1_42' title="bbox 77 3994 1642 4077; baseline 0.007 -26"><span class='ocrx_word' id='word_1_591' title='bbox 77 3994 83 4005; x_wconf 86' lang='lat'>&#39;</span> <span class='ocrx_word' id='word_1_592' title='bbox 171 3997 202 4052; x_wconf 77' lang='grc' dir='ltr'>ἂν</span> <span class='ocrx_word' id='word_1_593' title='bbox 231 3997 308 4075; x_wconf 78' lang='grc' dir='ltr'>ἔσχον</span> <span class='ocrx_word' id='word_1_594' title='bbox 332 3995 510 4077; x_wconf 78' lang='grc' dir='ltr'>παραψυχὴν,</span> <span class='ocrx_word' id='word_1_595' title='bbox 532 3995 735 4071; x_wconf 80' lang='grc' dir='ltr'>διακονουμένης</span> <span class='ocrx_word' id='word_1_596' title='bbox 759 3997 804 4073; x_wconf 83' lang='grc' dir='ltr'><strong>μοί</strong></span> <span class='ocrx_word' id='word_1_597' title='bbox 824 3997 956 4068; x_wconf 84' lang='grc' dir='ltr'>τοιαύτης.</span> <span class='ocrx_word' id='word_1_598' title='bbox 1002 4011 1116 4060; x_wconf 84' lang='lat' dir='ltr'><strong>haberem</strong></span> <span class='ocrx_word' id='word_1_599' title='bbox 1131 4011 1466 4072; x_wconf 79' lang='lat' dir='ltr'><strong>consolationem,lracmilti</strong></span> <span class='ocrx_word' id='word_1_600' title='bbox 1482 4013 1642 4063; x_wconf 88' lang='lat' dir='ltr'><strong>ministrante.</strong></span> 
     </span>
     <span class='ocr_line' id='line_1_43' title="bbox 170 4085 1664 4165; baseline 0.005 -21"><span class='ocrx_word' id='word_1_601' title='bbox 170 4085 248 4150; x_wconf 76' lang='grc' dir='ltr'>’ίσως</span> <span class='ocrx_word' id='word_1_602' title='bbox 261 4085 288 4143; x_wconf 87' lang='grc' dir='ltr'>δέ</span> <span class='ocrx_word' id='word_1_603' title='bbox 306 4109 357 4143; x_wconf 93' lang='grc' dir='ltr'>που</span> <span class='ocrx_word' id='word_1_604' title='bbox 375 4086 421 4143; x_wconf 82' lang='grc' dir='ltr'><strong>καί</strong></span> <span class='ocrx_word' id='word_1_605' title='bbox 436 4085 561 4157; x_wconf 82' lang='grc' dir='ltr'>Ἑλληνίς</span> <span class='ocrx_word' id='word_1_606' title='bbox 572 4088 669 4157; x_wconf 75' lang='grc' dir='ltr'>ἐστινὴ</span> <span class='ocrx_word' id='word_1_607' title='bbox 684 4086 779 4163; x_wconf 79' lang='grc' dir='ltr'>ἀθλία,</span> <span class='ocrx_word' id='word_1_608' title='bbox 790 4085 821 4145; x_wconf 91' lang='grc' dir='ltr'><strong>τδ</strong></span> <span class='ocrx_word' id='word_1_609' title='bbox 830 4086 881 4165; x_wconf 86' lang='grc' dir='ltr'>γθιρ</span> <span class='ocrx_word' id='word_1_610' title='bbox 895 4086 958 4165; x_wconf 84' lang='grc' dir='ltr'>πρό·</span> <span class='ocrx_word' id='word_1_611' title='bbox 1002 4101 1084 4149; x_wconf 88' lang='lat' dir='ltr'><strong>antem</strong></span> <span class='ocrx_word' id='word_1_612' title='bbox 1101 4101 1126 4148; x_wconf 90' lang='lat' dir='ltr'><strong>el</strong></span> <span class='ocrx_word' id='word_1_613' title='bbox 1138 4101 1222 4149; x_wconf 83' lang='lat' dir='ltr'><strong>Graeca</strong></span> <span class='ocrx_word' id='word_1_614' title='bbox 1234 4103 1270 4149; x_wconf 85' lang='lat' dir='ltr'><strong>est</strong></span> <span class='ocrx_word' id='word_1_615' title='bbox 1283 4101 1369 4150; x_wconf 87' lang='lat' dir='ltr'><strong>misera</strong></span> <span class='ocrx_word' id='word_1_616' title='bbox 1387 4121 1394 4150; x_wconf 92' lang='lat'><strong>:</strong></span> <span class='ocrx_word' id='word_1_617' title='bbox 1407 4115 1486 4164; x_wconf 84' lang='lat' dir='ltr'><strong>neqoe</strong></span> <span class='ocrx_word' id='word_1_618' title='bbox 1498 4102 1562 4150; x_wconf 90' lang='lat' dir='ltr'><strong>enim</strong></span> <span class='ocrx_word' id='word_1_619' title='bbox 1575 4105 1612 4151; x_wconf 87' lang='lat' dir='ltr'><strong>est</strong></span> <span class='ocrx_word' id='word_1_620' title='bbox 1625 4105 1664 4164; x_wconf 72' lang='lat' dir='ltr'><strong>AEp</strong></span> 
     </span>
     <span class='ocr_line' id='line_1_44' title="bbox 171 4172 1664 4256; baseline 0.006 -24"><span class='ocrx_word' id='word_1_621' title='bbox 171 4173 487 4250; x_wconf 84' lang='grc' dir='ltr'>σωπονσύκΑίγυπτίας.</span> <span class='ocrx_word' id='word_1_622' title='bbox 531 4174 656 4247; x_wconf 82' lang='grc' dir='ltr'>Ἑλληνίς</span> <span class='ocrx_word' id='word_1_623' title='bbox 667 4172 791 4256; x_wconf 82' lang='grc' dir='ltr'>μὲν,έφη</span> <span class='ocrx_word' id='word_1_624' title='bbox 802 4175 866 4254; x_wconf 84' lang='grc' dir='ltr'>πρὸς</span> <span class='ocrx_word' id='word_1_625' title='bbox 877 4177 958 4246; x_wconf 74' lang='grc' dir='ltr'>αὐτὴν</span> <span class='ocrx_word' id='word_1_626' title='bbox 1003 4188 1059 4237; x_wconf 80' lang='lat' dir='ltr'><strong>cles.</strong></span> <span class='ocrx_word' id='word_1_627' title='bbox 1092 4188 1178 4235; x_wconf 78' lang='lat' dir='ltr'><strong>Graeca</strong></span> <span class='ocrx_word' id='word_1_628' title='bbox 1190 4188 1288 4249; x_wconf 88' lang='lat' dir='ltr'><strong>quidem</strong></span> <span class='ocrx_word' id='word_1_629' title='bbox 1301 4190 1452 4252; x_wconf 86' lang='lat' dir='ltr'><strong>est,inquit,</strong></span> <span class='ocrx_word' id='word_1_630' title='bbox 1469 4194 1493 4239; x_wconf 87' lang='lat' dir='ltr'><strong>et</strong></span> <span class='ocrx_word' id='word_1_631' title='bbox 1512 4191 1664 4253; x_wconf 77' lang='lat' dir='ltr'><strong>parentibus:</strong></span> 
     </span>
     <span class='ocr_line' id='line_1_45' title="bbox 172 4261 1665 4344; baseline 0.006 -24"><span class='ocrx_word' id='word_1_632' title='bbox 172 4261 337 4336; x_wconf 75' lang='grc' dir='ltr'>θὙδαίσπης</span> <span class='ocrx_word' id='word_1_633' title='bbox 351 4263 396 4321; x_wconf 85' lang='grc' dir='ltr'><strong>καὶ</strong></span> <span class='ocrx_word' id='word_1_634' title='bbox 413 4262 534 4344; x_wconf 88' lang='grc' dir='ltr'>πατέρων</span> <span class='ocrx_word' id='word_1_635' title='bbox 548 4262 591 4329; x_wconf 66' lang='lat' dir='ltr'><strong>obe</strong></span> <span class='ocrx_word' id='word_1_636' title='bbox 602 4262 670 4331; x_wconf 81' lang='grc' dir='ltr'>λέξει</span> <span class='ocrx_word' id='word_1_637' title='bbox 688 4262 718 4321; x_wconf 85' lang='grc' dir='ltr'><strong>τὸ</strong></span> <span class='ocrx_word' id='word_1_638' title='bbox 730 4262 826 4339; x_wconf 89' lang='grc' dir='ltr'>παρόν.</span> <span class='ocrx_word' id='word_1_639' title='bbox 870 4263 959 4331; x_wconf 76' lang='grc' dir='ltr'>Δεῖξαι</span> <span class='ocrx_word' id='word_1_640' title='bbox 1003 4275 1027 4323; x_wconf 92' lang='lat' dir='ltr'><strong>in</strong></span> <span class='ocrx_word' id='word_1_641' title='bbox 1044 4275 1170 4337; x_wconf 75' lang='lat' dir='ltr'><strong>praesentia</strong></span> <span class='ocrx_word' id='word_1_642' title='bbox 1182 4274 1247 4324; x_wconf 90' lang='lat' dir='ltr'><strong>dicet</strong></span> <span class='ocrx_word' id='word_1_643' title='bbox 1263 4290 1358 4338; x_wconf 86' lang='lat' dir='ltr'><strong>:neque</strong></span> <span class='ocrx_word' id='word_1_644' title='bbox 1372 4278 1437 4326; x_wconf 88' lang='lat' dir='ltr'><strong>enim</strong></span> <span class='ocrx_word' id='word_1_645' title='bbox 1453 4278 1503 4327; x_wconf 92' lang='lat' dir='ltr'><strong>ullo</strong></span> <span class='ocrx_word' id='word_1_646' title='bbox 1520 4278 1593 4327; x_wconf 93' lang='lat' dir='ltr'><strong>modo</strong></span> <span class='ocrx_word' id='word_1_647' title='bbox 1605 4285 1665 4329; x_wconf 88' lang='lat' dir='ltr'><strong>oster</strong></span> 
     </span>
    </p>

    <p class='ocr_par' dir='ltr' id='par_1_10' title="bbox 130 4350 1664 5229">
     <span class='ocr_line' id='line_1_46' title="bbox 130 4350 1662 4432; baseline 0.005 -24"><span class='ocrx_word' id='word_1_648' title='bbox 130 4370 157 4408; x_wconf 81' lang='lat' dir='ltr'><strong>to</strong></span> <span class='ocrx_word' id='word_1_649' title='bbox 171 4352 222 4431; x_wconf 79' lang='grc' dir='ltr'><strong>γὰρ</strong></span> <span class='ocrx_word' id='word_1_650' title='bbox 238 4354 285 4411; x_wconf 87' lang='grc' dir='ltr'><strong>οὐκ</strong></span> <span class='ocrx_word' id='word_1_651' title='bbox 308 4351 340 4410; x_wconf 86' lang='grc' dir='ltr'><strong>διν</strong></span> <span class='ocrx_word' id='word_1_652' title='bbox 355 4351 518 4432; x_wconf 82' lang='grc' dir='ltr'>ἔχοιποθίν·</span> <span class='ocrx_word' id='word_1_653' title='bbox 539 4352 657 4428; x_wconf 82' lang='grc' dir='ltr'>καίτοιγε</span> <span class='ocrx_word' id='word_1_654' title='bbox 676 4351 831 4428; x_wconf 75' lang='grc' dir='ltr'>έπήγγελτο.</span> <span class='ocrx_word' id='word_1_655' title='bbox 875 4350 958 4411; x_wconf 88' lang='grc' dir='ltr'>Ῥυσ-</span> <span class='ocrx_word' id='word_1_656' title='bbox 1004 4362 1073 4423; x_wconf 89' lang='lat' dir='ltr'><strong>terit,</strong></span> <span class='ocrx_word' id='word_1_657' title='bbox 1088 4362 1200 4424; x_wconf 81' lang='lat' dir='ltr'><strong>quamvis</strong></span> <span class='ocrx_word' id='word_1_658' title='bbox 1215 4364 1358 4425; x_wconf 56' lang='lat' dir='ltr'><strong>promiserit,</strong></span> <span class='ocrx_word' id='word_1_659' title='bbox 1392 4368 1424 4414; x_wconf 87' lang='lat' dir='ltr'><strong>Ut</strong></span> <span class='ocrx_word' id='word_1_660' title='bbox 1441 4365 1662 4416; x_wconf 87' lang='lat' dir='ltr'><strong>liberetursaueill</strong></span> 
     </span>
     <span class='ocr_line' id='line_1_47' title="bbox 171 4440 1663 4518; baseline 0.005 -20"><span class='ocrx_word' id='word_1_661' title='bbox 171 4442 247 4512; x_wconf 77' lang='grc' dir='ltr'>θῆναί</span> <span class='ocrx_word' id='word_1_662' title='bbox 261 4465 290 4518; x_wconf 90' lang='grc' dir='ltr'><strong>γε</strong></span> <span class='ocrx_word' id='word_1_663' title='bbox 306 4440 359 4518; x_wconf 72' lang='grc' dir='ltr'><strong>μὴν</strong></span> <span class='ocrx_word' id='word_1_664' title='bbox 373 4446 420 4513; x_wconf 80' lang='grc' dir='ltr'><strong>τῆς</strong></span> <span class='ocrx_word' id='word_1_665' title='bbox 434 4442 524 4510; x_wconf 90' lang='grc' dir='ltr'>θυσίας</span> <span class='ocrx_word' id='word_1_666' title='bbox 536 4443 678 4501; x_wconf 79' lang='grc' dir='ltr'>ἀδύνατον·</span> <span class='ocrx_word' id='word_1_667' title='bbox 690 4440 801 4515; x_wconf 88' lang='grc' dir='ltr'>καίτοιγ’</span> <span class='ocrx_word' id='word_1_668' title='bbox 813 4440 959 4517; x_wconf 79' lang='grc' dir='ltr'>έόουλόμην</span> <span class='ocrx_word' id='word_1_669' title='bbox 1004 4448 1058 4499; x_wconf 88' lang='lat' dir='ltr'><strong>ficio</strong></span> <span class='ocrx_word' id='word_1_670' title='bbox 1070 4450 1122 4501; x_wconf 81' lang='lat' dir='ltr'><strong>steri</strong></span> <span class='ocrx_word' id='word_1_671' title='bbox 1132 4464 1180 4500; x_wconf 93' lang='lat' dir='ltr'><strong>non</strong></span> <span class='ocrx_word' id='word_1_672' title='bbox 1192 4454 1284 4514; x_wconf 88' lang='lat' dir='ltr'><strong>potest,</strong></span> <span class='ocrx_word' id='word_1_673' title='bbox 1298 4454 1410 4513; x_wconf 84' lang='lat' dir='ltr'><strong>quamvis</strong></span> <span class='ocrx_word' id='word_1_674' title='bbox 1423 4455 1508 4503; x_wconf 79' lang='lat' dir='ltr'><strong>vellem</strong></span> <span class='ocrx_word' id='word_1_675' title='bbox 1524 4456 1622 4518; x_wconf 87' lang='lat' dir='ltr'><strong>utique,</strong></span> <span class='ocrx_word' id='word_1_676' title='bbox 1634 4469 1663 4506; x_wconf 93' lang='lat' dir='ltr'><strong>cu</strong></span> 
     </span>
     <span class='ocr_line' id='line_1_48' title="bbox 171 4522 1664 4613; baseline 0.003 -25"><span class='ocrx_word' id='word_1_677' title='bbox 171 4530 305 4597; x_wconf 88' lang='grc' dir='ltr'>πεπονθώς</span> <span class='ocrx_word' id='word_1_678' title='bbox 322 4554 348 4589; x_wconf 92' lang='grc' dir='ltr'><strong>τι</strong></span> <span class='ocrx_word' id='word_1_679' title='bbox 368 4530 413 4613; x_wconf 74' lang='grc' dir='ltr'><strong>καί</strong></span> <span class='ocrx_word' id='word_1_680' title='bbox 435 4530 525 4603; x_wconf 83' lang='grc' dir='ltr'>αὐτὸς,</span> <span class='ocrx_word' id='word_1_681' title='bbox 541 4533 588 4589; x_wconf 83' lang='grc' dir='ltr'><strong>οὐκ</strong></span> <span class='ocrx_word' id='word_1_682' title='bbox 610 4522 657 4589; x_wconf 77' lang='grc' dir='ltr'>οἶδ’</span> <span class='ocrx_word' id='word_1_683' title='bbox 680 4529 750 4596; x_wconf 82' lang='grc' dir='ltr'>ὅπως</span> <span class='ocrx_word' id='word_1_684' title='bbox 770 4528 816 4588; x_wconf 83' lang='grc' dir='ltr'><strong>καί</strong></span> <span class='ocrx_word' id='word_1_685' title='bbox 830 4533 959 4589; x_wconf 86' lang='grc' dir='ltr'>κατελεῶν</span> <span class='ocrx_word' id='word_1_686' title='bbox 1004 4539 1084 4601; x_wconf 89' lang='lat' dir='ltr'><strong>aliquo</strong></span> <span class='ocrx_word' id='word_1_687' title='bbox 1100 4540 1173 4589; x_wconf 86' lang='lat' dir='ltr'><strong>modo</strong></span> <span class='ocrx_word' id='word_1_688' title='bbox 1188 4553 1343 4590; x_wconf 78' lang='lat' dir='ltr'><strong>commovear</strong></span> <span class='ocrx_word' id='word_1_689' title='bbox 1353 4542 1434 4590; x_wconf 89' lang='lat' dir='ltr'><strong>animo</strong></span> <span class='ocrx_word' id='word_1_690' title='bbox 1453 4546 1476 4591; x_wconf 88' lang='lat' dir='ltr'><strong>et</strong></span> <span class='ocrx_word' id='word_1_691' title='bbox 1491 4544 1606 4594; x_wconf 88' lang='lat' dir='ltr'><strong>miserear</strong></span> <span class='ocrx_word' id='word_1_692' title='bbox 1620 4558 1664 4606; x_wconf 85' lang='lat' dir='ltr'><strong>pue</strong></span> 
     </span>
     <span class='ocr_line' id='line_1_49' title="bbox 172 4608 1664 4699; baseline 0.004 -23"><span class='ocrx_word' id='word_1_693' title='bbox 172 4619 218 4690; x_wconf 80' lang='grc' dir='ltr'><strong>τὴν</strong></span> <span class='ocrx_word' id='word_1_694' title='bbox 240 4620 330 4698; x_wconf 88' lang='grc' dir='ltr'>κόρην.</span> <span class='ocrx_word' id='word_1_695' title='bbox 374 4619 442 4680; x_wconf 79' lang='grc' dir='ltr'><strong>Ἀλλ’</strong></span> <span class='ocrx_word' id='word_1_696' title='bbox 464 4608 538 4677; x_wconf 74' lang='grc' dir='ltr'>οἶσθα</span> <span class='ocrx_word' id='word_1_697' title='bbox 559 4623 593 4686; x_wconf 89' lang='grc' dir='ltr'><strong>ώς</strong></span> <span class='ocrx_word' id='word_1_698' title='bbox 617 4618 713 4699; x_wconf 74' lang='grc' dir='ltr'>ἄρρενα</span> <span class='ocrx_word' id='word_1_699' title='bbox 733 4617 780 4694; x_wconf 76' lang='grc' dir='ltr'><strong>μὲν</strong></span> <span class='ocrx_word' id='word_1_700' title='bbox 802 4621 840 4697; x_wconf 82' lang='grc' dir='ltr'><strong>τῷ</strong></span> <span class='ocrx_word' id='word_1_701' title='bbox 862 4615 960 4697; x_wconf 85' lang='grc' dir='ltr'>Ἡλίῳ,</span> <span class='ocrx_word' id='word_1_702' title='bbox 1003 4628 1144 4691; x_wconf 87' lang='lat' dir='ltr'><strong>scis‚quod</strong></span> <span class='ocrx_word' id='word_1_703' title='bbox 1159 4629 1664 4693; x_wconf 83' lang='lat' dir='ltr'><strong>masculumquidemsoli,teminsmaul</strong></span> 
     </span>
     <span class='ocr_line' id='line_1_50' title="bbox 174 4706 1664 4789; baseline 0.006 -27"><span class='ocrx_word' id='word_1_704' title='bbox 174 4707 279 4776; x_wconf 85' lang='grc' dir='ltr'>θήλειαν</span> <span class='ocrx_word' id='word_1_705' title='bbox 295 4707 321 4764; x_wconf 83' lang='grc' dir='ltr'><strong>δὲ</strong></span> <span class='ocrx_word' id='word_1_706' title='bbox 343 4707 526 4789; x_wconf 73' lang='grc' dir='ltr'>τῇΣεληναίορ</span> <span class='ocrx_word' id='word_1_707' title='bbox 548 4707 689 4788; x_wconf 88' lang='grc' dir='ltr'>προσαίγειν</span> <span class='ocrx_word' id='word_1_708' title='bbox 709 4730 736 4764; x_wconf 90' lang='grc' dir='ltr'><strong>τε</strong></span> <span class='ocrx_word' id='word_1_709' title='bbox 752 4706 799 4765; x_wconf 83' lang='grc' dir='ltr'><strong>καί</strong></span> <span class='ocrx_word' id='word_1_710' title='bbox 819 4706 959 4787; x_wconf 80' lang='grc' dir='ltr'>ἱερουργεῖν</span> <span class='ocrx_word' id='word_1_711' title='bbox 1004 4718 1029 4765; x_wconf 89' lang='lat' dir='ltr'><strong>et</strong></span> <span class='ocrx_word' id='word_1_712' title='bbox 1047 4717 1135 4766; x_wconf 85' lang='lat' dir='ltr'><strong>otierrc</strong></span> <span class='ocrx_word' id='word_1_713' title='bbox 1153 4720 1178 4766; x_wconf 89' lang='lat' dir='ltr'><strong>et</strong></span> <span class='ocrx_word' id='word_1_714' title='bbox 1196 4718 1329 4769; x_wconf 80' lang='lat' dir='ltr'><strong>sacrificare</strong></span> <span class='ocrx_word' id='word_1_715' title='bbox 1350 4719 1386 4769; x_wconf 82' lang='lat' dir='ltr'><strong>lex</strong></span> <span class='ocrx_word' id='word_1_716' title='bbox 1412 4720 1524 4782; x_wconf 88' lang='lat' dir='ltr'><strong>postulet.</strong></span> <span class='ocrx_word' id='word_1_717' title='bbox 1558 4723 1620 4770; x_wconf 86' lang='lat' dir='ltr'><strong>cnm</strong></span> <span class='ocrx_word' id='word_1_718' title='bbox 1640 4736 1664 4771; x_wconf 84' lang='lat' dir='ltr'><strong>ar</strong></span> 
     </span>
     <span class='ocr_line' id='line_1_51' title="bbox 132 4792 1664 4875; baseline 0.008 -28"><span class='ocrx_word' id='word_1_719' title='bbox 132 4795 187 4848; x_wconf 78' lang='lat' dir='ltr'><strong>aab</strong></span> <span class='ocrx_word' id='word_1_720' title='bbox 208 4792 284 4868; x_wconf 79' lang='grc' dir='ltr'>νόμος</span> <span class='ocrx_word' id='word_1_721' title='bbox 303 4794 435 4871; x_wconf 86' lang='grc' dir='ltr'>βούλεται.</span> <span class='ocrx_word' id='word_1_722' title='bbox 477 4796 585 4868; x_wconf 86' lang='grc' dir='ltr'>Ταύτης</span> <span class='ocrx_word' id='word_1_723' title='bbox 606 4795 634 4855; x_wconf 79' lang='grc' dir='ltr'>δέ</span> <span class='ocrx_word' id='word_1_724' title='bbox 656 4795 762 4875; x_wconf 85' lang='grc' dir='ltr'>πρώτης</span> <span class='ocrx_word' id='word_1_725' title='bbox 786 4795 960 4874; x_wconf 77' lang='grc' dir='ltr'>αἰχμαλώτου</span> <span class='ocrx_word' id='word_1_726' title='bbox 1005 4805 1063 4853; x_wconf 84' lang='grc' dir='ltr'>ιιιίΙιί</span> <span class='ocrx_word' id='word_1_727' title='bbox 1076 4807 1194 4868; x_wconf 88' lang='lat' dir='ltr'><strong>primasii</strong></span> <span class='ocrx_word' id='word_1_728' title='bbox 1206 4806 1310 4857; x_wconf 86' lang='lat' dir='ltr'><strong>adducta</strong></span> <span class='ocrx_word' id='word_1_729' title='bbox 1328 4809 1664 4872; x_wconf 81' lang='lat' dir='ltr'><strong>captivaetpraesentisacrit</strong></span> 
     </span>
     <span class='ocr_line' id='line_1_52' title="bbox 175 4882 1663 4964; baseline 0.009 -31"><span class='ocrx_word' id='word_1_730' title='bbox 175 4899 219 4953; x_wconf 91' lang='grc' dir='ltr'><strong>μοι</strong></span> <span class='ocrx_word' id='word_1_731' title='bbox 241 4883 432 4959; x_wconf 78' lang='grc' dir='ltr'>προσαχθείσης</span> <span class='ocrx_word' id='word_1_732' title='bbox 452 4883 498 4942; x_wconf 84' lang='grc' dir='ltr'><strong>καί</strong></span> <span class='ocrx_word' id='word_1_733' title='bbox 519 4887 553 4950; x_wconf 87' lang='grc' dir='ltr'><strong>είς</strong></span> <span class='ocrx_word' id='word_1_734' title='bbox 573 4882 620 4955; x_wconf 63' lang='grc' dir='ltr'><strong>τὴν</strong></span> <span class='ocrx_word' id='word_1_735' title='bbox 634 4890 680 4943; x_wconf 80' lang='grc' dir='ltr'><strong>νῦν</strong></span> <span class='ocrx_word' id='word_1_736' title='bbox 694 4886 785 4943; x_wconf 90' lang='grc' dir='ltr'>θυσίαν</span> <span class='ocrx_word' id='word_1_737' title='bbox 802 4886 961 4964; x_wconf 79' lang='grc' dir='ltr'>ἀποκληρω-</span> <span class='ocrx_word' id='word_1_738' title='bbox 1004 4896 1075 4954; x_wconf 91' lang='lat' dir='ltr'><strong>nata,</strong></span> <span class='ocrx_word' id='word_1_739' title='bbox 1090 4895 1190 4943; x_wconf 92' lang='lat' dir='ltr'><strong>omnino</strong></span> <span class='ocrx_word' id='word_1_740' title='bbox 1206 4895 1368 4944; x_wconf 80' lang='lat' dir='ltr'><strong>excusationis</strong></span> <span class='ocrx_word' id='word_1_741' title='bbox 1382 4895 1462 4944; x_wconf 90' lang='lat' dir='ltr'><strong>locum</strong></span> <span class='ocrx_word' id='word_1_742' title='bbox 1475 4909 1523 4945; x_wconf 93' lang='lat' dir='ltr'><strong>non</strong></span> <span class='ocrx_word' id='word_1_743' title='bbox 1536 4896 1636 4947; x_wconf 87' lang='lat' dir='ltr'><strong>baberet</strong></span> <span class='ocrx_word' id='word_1_744' title='bbox 1649 4912 1663 4946; x_wconf 89' lang='lat' dir='ltr'><strong>a</strong></span> 
     </span>
     <span class='ocr_line' id='line_1_53' title="bbox 174 4963 1661 5052; baseline 0.003 -24"><span class='ocrx_word' id='word_1_745' title='bbox 174 4963 275 5034; x_wconf 74' lang='grc' dir='ltr'>θείσης,</span> <span class='ocrx_word' id='word_1_746' title='bbox 289 4969 466 5046; x_wconf 76' lang='grc' dir='ltr'>ἀπαραίτητος</span> <span class='ocrx_word' id='word_1_747' title='bbox 478 4971 509 5030; x_wconf 77' lang='grc' dir='ltr'>ἂν</span> <span class='ocrx_word' id='word_1_748' title='bbox 522 4972 621 5049; x_wconf 85' lang='grc' dir='ltr'>γένοιτο</span> <span class='ocrx_word' id='word_1_749' title='bbox 632 4974 696 5052; x_wconf 89' lang='grc' dir='ltr'>πρὸς</span> <span class='ocrx_word' id='word_1_750' title='bbox 705 4972 735 5030; x_wconf 81' lang='grc' dir='ltr'><strong>τὸ</strong></span> <span class='ocrx_word' id='word_1_751' title='bbox 744 4974 867 5044; x_wconf 79' lang='grc' dir='ltr'>πλῆθοςὴ</span> <span class='ocrx_word' id='word_1_752' title='bbox 880 4972 961 5052; x_wconf 85' lang='grc' dir='ltr'>ύπίρ·</span> <span class='ocrx_word' id='word_1_753' title='bbox 1005 4982 1133 5032; x_wconf 88' lang='lat' dir='ltr'><strong>titudinem</strong></span> <span class='ocrx_word' id='word_1_754' title='bbox 1147 4983 1238 5033; x_wconf 85' lang='lat' dir='ltr'><strong>dilatio.</strong></span> <span class='ocrx_word' id='word_1_755' title='bbox 1274 4987 1355 5032; x_wconf 90' lang='lat' dir='ltr'><strong>Unum</strong></span> <span class='ocrx_word' id='word_1_756' title='bbox 1368 4986 1462 5033; x_wconf 89' lang='lat' dir='ltr'><strong>tantum</strong></span> <span class='ocrx_word' id='word_1_757' title='bbox 1475 4983 1508 5032; x_wconf 92' lang='lat' dir='ltr'><strong>illi</strong></span> <span class='ocrx_word' id='word_1_758' title='bbox 1519 4982 1661 5044; x_wconf 77' lang='lat' dir='ltr'><strong>adjumento</strong></span> 
     </span>
     <span class='ocr_line' id='line_1_54' title="bbox 174 5050 1662 5140; baseline 0.003 -22"><span class='ocrx_word' id='word_1_759' title='bbox 174 5058 252 5118; x_wconf 70' lang='grc' dir='ltr'>θεσῑς·</span> <span class='ocrx_word' id='word_1_760' title='bbox 295 5050 345 5111; x_wconf 80' lang='grc' dir='ltr'>Ἓν</span> <span class='ocrx_word' id='word_1_761' title='bbox 360 5058 437 5130; x_wconf 89' lang='grc' dir='ltr'>μόνον</span> <span class='ocrx_word' id='word_1_762' title='bbox 460 5057 492 5116; x_wconf 77' lang='grc' dir='ltr'>δν</span> <span class='ocrx_word' id='word_1_763' title='bbox 507 5061 675 5139; x_wconf 76' lang='grc' dir='ltr'>βοηθήσειεν,</span> <span class='ocrx_word' id='word_1_764' title='bbox 696 5062 719 5118; x_wconf 90' lang='grc' dir='ltr'><strong>εί</strong></span> <span class='ocrx_word' id='word_1_765' title='bbox 733 5064 779 5130; x_wconf 80' lang='grc' dir='ltr'><strong>τῆς</strong></span> <span class='ocrx_word' id='word_1_766' title='bbox 799 5060 913 5140; x_wconf 67' lang='grc' dir='ltr'>ε’σγοίρας</span> <span class='ocrx_word' id='word_1_767' title='bbox 927 5061 960 5132; x_wconf 74' lang='grc' dir='ltr'>ἢν</span> <span class='ocrx_word' id='word_1_768' title='bbox 1005 5073 1055 5131; x_wconf 87' lang='lat' dir='ltr'><strong>set,</strong></span> <span class='ocrx_word' id='word_1_769' title='bbox 1078 5072 1097 5120; x_wconf 91' lang='lat' dir='ltr'><strong>si</strong></span> <span class='ocrx_word' id='word_1_770' title='bbox 1112 5075 1240 5134; x_wconf 85' lang='lat' dir='ltr'><strong>postquam</strong></span> <span class='ocrx_word' id='word_1_771' title='bbox 1256 5075 1351 5130; x_wconf 86' lang='lat' dir='ltr'><strong>locum,</strong></span> <span class='ocrx_word' id='word_1_772' title='bbox 1371 5074 1398 5120; x_wconf 86' lang='lat' dir='ltr'><strong>ut</strong></span> <span class='ocrx_word' id='word_1_773' title='bbox 1418 5071 1480 5132; x_wconf 91' lang='lat' dir='ltr'><strong>scis,</strong></span> <span class='ocrx_word' id='word_1_774' title='bbox 1497 5073 1662 5123; x_wconf 77' lang='lat' dir='ltr'><strong>conscenderit</strong></span> 
     </span>
     <span class='ocr_line' id='line_1_55' title="bbox 173 5131 1664 5229; baseline 0.007 -28"><span class='ocrx_word' id='word_1_775' title='bbox 173 5131 249 5201; x_wconf 72' lang='grc' dir='ltr'>σ’ίσθα</span> <span class='ocrx_word' id='word_1_776' title='bbox 271 5140 402 5214; x_wconf 63' lang='lat' dir='ltr'><strong>tartare,</strong></span> <span class='ocrx_word' id='word_1_777' title='bbox 419 5147 456 5221; x_wconf 74' lang='grc' dir='ltr'>μὴ</span> <span class='ocrx_word' id='word_1_778' title='bbox 474 5147 620 5224; x_wconf 81' lang='grc' dir='ltr'>ἁγνεύουσοί</span> <span class='ocrx_word' id='word_1_779' title='bbox 637 5172 693 5215; x_wconf 90' lang='grc' dir='ltr'>πως</span> <span class='ocrx_word' id='word_1_780' title='bbox 716 5152 762 5218; x_wconf 84' lang='grc' dir='ltr'><strong>τῆς</strong></span> <span class='ocrx_word' id='word_1_781' title='bbox 781 5146 847 5225; x_wconf 80' lang='grc' dir='ltr'>πρὸς</span> <span class='ocrx_word' id='word_1_782' title='bbox 867 5148 961 5229; x_wconf 79' lang='grc' dir='ltr'>ἄνδρας</span> <span class='ocrx_word' id='word_1_783' title='bbox 1005 5173 1159 5210; x_wconf 85' lang='lat' dir='ltr'><strong>conservasse</strong></span> <span class='ocrx_word' id='word_1_784' title='bbox 1183 5164 1305 5223; x_wconf 79' lang='lat' dir='ltr'><strong>expertem</strong></span> <span class='ocrx_word' id='word_1_785' title='bbox 1322 5161 1503 5212; x_wconf 84' lang='lat' dir='ltr'><strong>consuetudinis</strong></span> <span class='ocrx_word' id='word_1_786' title='bbox 1520 5162 1627 5213; x_wconf 77' lang='lat' dir='ltr'><strong>virorum</strong></span> <span class='ocrx_word' id='word_1_787' title='bbox 1648 5163 1664 5211; x_wconf 92' lang='lat' dir='ltr'><strong>d</strong></span> 
     </span>
    </p>
   </div>
   <div class='ocr_carea' id='block_1_3' title="bbox 0 0 1869 5692">
    <p class='ocr_par' dir='ltr' id='par_1_11' title="bbox 0 0 1869 5692">
     <span class='ocr_line' id='line_1_56' title="bbox 0 0 1869 5692; baseline 0 0"><span class='ocrx_word' id='word_1_788' title='bbox 0 0 1869 5692; x_wconf 95' lang='lat' dir='ltr'><strong> </strong></span> 
     </span>
    </p>
   </div>
  </div>
 </body>
</html>
