3726 5692
157 337 215 387 ‘280

692 320 905 379 dationum
926 320 1239 380 AE'l'HIOPiCORUM

156 482 219 515 των.
263 454 297 515 ‘0
310 453 336 512 δέ
350 453 379 511 τὸ
394 452 533 531 πρόσυιπον
549 449 659 509 ἐπιπολὺ
674 450 842 530 καταψήσας,
858 449 938 528 ’bpar-
986 464 1066 510 autem
1080 473 1136 509 sum
1150 458 1191 509 diu
1209 460 1361 510 demulsisset
1377 460 1478 521 ίαοίειιι,
1491 462 1584 512 Anxius
1595 476 1667 525 snm,
1683 467 1781 528 inquii,

157 547 203 602 νιῶ
217 540 272 618 μέν,
286 541 346 620 ἔφη,
367 539 427 619 περί
446 546 490 597 τοῦ
508 538 615 609 παντὸς,
633 538 743 616 ἐρυθριῶ
758 539 780 595 δ’
795 538 939 618 ἐκφαίνειν·
986 548 1017 597 rie
1033 561 1128 598 mmma
1143 561 1243 598 rerum:
1260 549 1376 598 erubeseo
1387 552 1468 599 autem
1485 552 1593 613 aperire,
1605 555 1632 601 et
1650 555 1780 604 conticuit.

156 631 202 690 καί
212 630 366 701 ἐσιώπησεν.
409 627 513 705 'Epor
526 618 570 684 ούν
583 628 671 705 καιρὸν
682 616 748 684 εἶναι
758 625 941 706 τερατεύεσθαι

157 719 220 801 πρὸς
241 719 319 777 αὐτὸν
334 717 379 775 καὶ
396 716 570 794 μαντεύεσθαι
583 716 668 787 δἠθεν,
683 715 750 793 ἅπερ
771 714 939 792 ἐγίγνωσκον.

130 807 313 887 ῡὶλαρόνιερον
328 795 372 864 ούν
390 806 462 885 αὐτῷ
476 803 659 883 προσύλέψας,
681 804 715 863 Εἰ
732 801 778 860 καί
801 801 876 869 αὐτὸς
896 800 942 860 λέ·

156 921 211 974 γειν
226 896 318 967 ὀκνεῖς,
333 893 406 974 ἔφην,
421 892 490 952 ἀλλά
503 897 535 972 τῇ
550 894 575 971 γ’
591 891 706 971 ἡμετέρα
724 890 802 971 σοφίφι
817 891 862 949 καὶ
877 894 942 956 θεοῖς

157 985 228 1044 οὐδὲν
243 984 385 1061 ἄγνωστον.
429 980 485 1042 Καὶ
508 981 651 1052 ἐπιστήσας
673 979 760 1056 ἀλίγον
776 979 822 1037 καί
842 979 942 1060 ψήφους

156 1073 227 1140 τινίις
241 1074 314 1131 οὐδὲν
330 1067 542 1149 καταριθμούσας
556 1069 600 1127 ἰπὶ
619 1068 753 1127 δακτύλων
769 1067 877 1138 συνθείς,
894 1068 941 1137 τήν

157 1161 290 1236 τεκόμην
314 1158 447 1225 διασείσας
465 1157 512 1216 καὶ
536 1156 595 1224 τοὺς
617 1156 745 1236 κατόχους
770 1156 939 1234 μιμούμενος,

987 635 1150 686 Animadverti
1167 637 1248 699 igitur,
1262 640 1357 699 ternpus
1367 649 1419 686 esse
1430 637 1562 688 mentiendi
1573 639 1648 702 apud
1662 641 1743 703 ipsum
1754 645 1780 693 et

987 723 1111 775 divinandi
1121 739 1149 776 ea
1160 739 1215 789 qum
1226 726 1339 775 sciebam.
1372 728 1457 788 itaque
1466 721 1566 777 biia'rim
1575 741 1635 778 eam
1644 730 1777 792 eontaitm,

988 812 1086 864 Etiamsi
1098 814 1148 876 ipse
1166 814 1246 864 dieere
1261 814 1398 874 cuncteris,
1413 814 1528 877 inquam,
1547 819 1631 866 umen
1650 818 1778 880 sapientia

987 904 1076 952 nostre
1089 905 1114 952 et
1130 903 1175 953 diis
1192 905 1251 955 nibii
1266 911 1301 957 est
1317 910 1432 972 ignotum.
1467 912 1510 971 iit,
1523 923 1579 960 eum
1595 912 1726 974 paniolum
1740 924 1778 963 ms

988 990 1115 1041 erexissem
1127 995 1152 1042 ei
1164 994 1270 1045 οαΙσιιΙοι
1280 998 1397 1060 quosdam
1408 996 1469 1048 nibii
1490 1002 1647 1051 numerantes
1660 1001 1685 1050 in
1698 1001 1777 1065 digitu

988 1085 1189 1147 composuissem,
1205 1091 1230 1137 et
1246 1101 1341 1138 romam
1355 1094 1513 1153 quaesissem,
1525 1092 1621 1143 aibatos
1632 1094 1658 1143 τί
1671 1096 1775 1146 numinis

988 1177 1097 1240 imitans,
1110 1184 1195 1241 Amas,
1213 1182 1276 1241 disi,
1292 1185 1362 1234 obii.
1396 1187 1498 1236 Exsiluit
1508 1187 1538 1237 ad
1552 1188 1612 1238 iilud
1623 1189 1772 1241 vaticinium.

119 1268 144 1307 ¹⁰
157 1250 250 1329 Ἒρξςι
263 1238 491 1323 εἷπθνιῶτὲκνθν·
536 1245 791 1325 ’θνήλατθπθὸίῒῆν
804 1244 939 1322 μαντείαν·
961 1282 963 1347 γ
989 1275 1074 1323 Postea
1087 1288 1145 1325 vero
1161 1289 1234 1338 quam
1248 1279 1435 1330 eteiraricieam
1455 1280 1550 1344 addidi,
1561 1280 1611 1343 jam
1626 1286 1681 1333 inm
1700 1284 1724 1333 id
1737 1296 1773 1336 ma

158 1338 204 1404 Ὡς
216 1340 238 1395 δ’
254 1336 293 1395 ότι
307 1336 352 1393 καὶ
364 1333 696 1415 Χαρικλείαςπροσέθηκα,
711 1334 781 1392 τοῦτ’
793 1334 875 1391 έκεῖνο
886 1338 941 1392 θεο·

159 1429 262 1484 κλυτεῖν
277 1448 310 1502 με
322 1423 432 1500 νομίσας
444 1427 539 1503 μικροῦ
554 1422 601 1499 μὲν
615 1421 660 1481 καί
675 1420 828 1499 προσεκύνει
842 1420 940 1495 πεσὼν,

158 1516 222 1587 ἐμοῦ
235 1512 257 1570 δ’
270 1510 422 1590 ἐπέχοντος,
445 1511 527 1591 ἐφίλει
540 1508 626 1569 πολλδι
642 1509 689 1582 τὴν
704 1509 820 1590 κεφαλὴν
831 1513 943 1589 προσελ-

159 1600 218 1672 θὼν,
231 1603 283 1665 τοῖς
295 1624 323 1658 τε
337 1606 403 1664 θεοῖς
415 1597 545 1676 ὡμολόγει
558 1597 646 1678 χάριν,
663 1599 709 1656 οὐκ
722 1596 893 1678 ἐσφαλμένος,
909 1601 943 1664 ὡς

120 1709 144 1748 is
158 1689 258 1766 ἔλεγεν,
277 1680 314 1748 ὧν
326 1687 514 1769 προσεδόκησε,
530 1686 637 1765 σωτῆρά
651 1687 679 1744 τέ
690 1709 722 1761 με
737 1685 856 1764 γενέσθαι
866 1709 943 1766 παρε·

158 1779 246 1837 stin·
260 1779 296 1854 μὴ
308 1776 360 1857 γὰρ
380 1776 412 1834 ἂν
431 1779 619 1857 περισωθῆναι,
642 1773 761 1853 βοηθείας
779 1774 824 1832 καὶ
847 1773 944 1845 ταύτης

161 1866 269 1946 ταχείας
288 1864 471 1945 ἀποτυχόντα·
482 1870 612 1924 ’τοσοῦτον
626 1865 698 1943 αὐτῷ
712 1862 742 1920 τὸ
756 1862 837 1921 κακὸν
851 1865 943 1935 ἐνσκῆ-

159 1960 208 2037 ψαι
220 1957 265 2014 καὶ
280 1954 361 2022 οὕτως
376 1953 427 2012 ὑπὸ
448 1959 493 2012 τοῦ
506 1954 587 2013 πόθου
600 1950 757 2032 φλέγεσθαι,
772 1955 876 2031 πρῶτον
899 1953 944 2012 καί

159 2051 242 2104 ταῦτα
254 2043 414 2124 πειρώμενον
426 2042 530 2120 ἔρωτος.
574 2040 699 2117 Ὁμιλίας
710 2040 761 2120 γὰρ
772 2039 810 2098 ἔτι
825 2041 944 2116 γυναικός

33 2162 35 2166 ⁴
119 2153 145 2192 so
160 2133 298 2212 ἀπείρατος
313 2124 379 2189 εἶναι
391 2130 537 2204 διετείνετο,
550 2128 636 2187 πολλὰ
646 2128 827 2205 διομνύμενος·
843 2129 884 2186 ἀεί
893 2129 944 2210 γὰρ

161 2225 303 2281 διαπτῦσαι
314 2220 402 2290 πόσης
418 2219 462 2277 καῖ
473 2219 557 2296 γόμον
573 2219 650 2276 αὐτὸν
664 2218 709 2276 καί
724 2219 830 2299 ἔρωτας,
844 2218 868 2277 εί
878 2243 944 2286 τινος

161 2311 304 2380 ἀκούσειεν,
319 2307 367 2374 ἕως
379 2308 408 2366 τό
423 2307 584 2385 Χαρικλείας
599 2306 676 2364 αὐτὸν
689 2306 780 2383 ἤλεγξε
799 2307 894 2374 κάλλος
906 2305 945 2367 ὅτι

161 2398 198 2473 μὴ
212 2397 286 2478 φύσει
309 2392 460 2475 καρτερικός
472 2385 515 2467 ἦν,
541 2395 598 2451 ἀλλ’
612 2393 764 2473 ἀξιεράστου
778 2395 898 2472 γυναικός
910 2399 945 2462 εἷς

159 2484 208 2557 τὴν
216 2480 522 2564 παρελθοῦσανάθέατος.
566 2480 621 2540 Καὶ
630 2480 803 2557 ταῦταλέγων
812 2482 944 2561 ἐδάκρυεν,

121 2600 147 2638 25
160 2572 249 2653 ὥσπερ
272 2569 312 2630 ότι
335 2569 399 2650 πρός
421 2569 481 2648 βίαν
503 2568 616 2641 ἥττηται
638 2568 717 2649 κόρης
744 2569 944 2645 ἐνδεικνύμενος.

152 2659 343 2738 Ἀνελοίμόανον
358 2651 401 2717 οὖν
416 2657 495 2715 αὐτόν
507 2656 553 2716 καὶ
566 2656 679 2736 θάρσει,
693 2657 794 2736 ἔλεγον,
805 2656 945 2740 ἐπειδήπερ

85 2756 89 2763 ’
161 2751 234 2818 ἅπαξ
257 2746 458 2826 καταπέφευγας
483 2748 522 2827 ἐφ’
543 2750 624 2820 ἡμᾶς.
674 2749 736 2825 Οὐχ
757 2745 837 2814 ούτυις
859 2748 945 2820 ἐκείνη

160 2839 284 2919 κρείττων
313 2835 389 2894 ἔσται
422 2837 468 2904 τῆς
490 2832 620 2912 ἡμετέρας
647 2833 748 2914 σοφίας.
791 2830 871 2894 Ἔστι
898 2834 945 2912 μέν

162 2925 341 3004 αὐστηροτέρα
362 2921 407 2993 καί
425 2926 613 3000 κατενεχθῆναι
627 2921 690 3001 πρὸς
702 2921 787 3003 ἔρωτα
799 2922 945 3003 δύσμαχος,

120 3037 147 3076 su
160 3014 312 3096 Ἀφροδίτην
323 3011 368 3070 καί
380 3009 465 3088 γέμον
476 3011 639 3086 ἀτιμάζουσα
649 3010 695 3069 καί
706 3010 797 3092 μέχρις
806 3012 945 3088 ὀνόματος·

163 3102 230 3162 ἀλλά
253 3101 296 3159 dri
319 3100 347 3158 σὲ
366 3099 454 3157 ποίντα
476 3099 606 3170 κινητέον·
625 3099 705 3178 τέχνη
730 3100 775 3158 καί
798 3102 874 3181 φύσιν
894 3092 945 3160 οἶδε

163 3191 308 3270 βιάζεσθαι.
353 3187 441 3248 Μόνον
453 3186 564 3264 εὔθυμον
583 3177 649 3245 εἶναι
664 3186 710 3245 καί
721 3188 893 3268 ύφηγουμένῳ
913 3189 946 3246 τά

162 3279 251 3337 δέοντα
275 3277 407 3335 πείθεσθαι
434 3274 568 3353 πράττειν.
625 3275 820 3353 Ἐπηγγείλατο
841 3275 945 3334 ἅπαντα

162 3366 293 3439 ποιήσειν,
310 3370 344 3430 ὡς
359 3362 391 3421 ἀν
404 3361 456 3440 ἐγὼ
471 3363 640 3440 προστάττω,
655 3362 704 3419 κᾶν
716 3366 738 3420 εἰ
755 3362 832 3442 ξιφῶν
847 3363 947 3422 ἐπιόαί·

121 3477 147 3516 so
161 3479 212 3513 νειν
229 3453 372 3530 κελεύοιμι.

203 3544 264 3603 iii'.
290 3546 470 3618 Λιπαροῦντος
483 3540 514 3610 δὴ
528 3539 589 3619 περὶ
602 3536 699 3597 τούτοιν
712 3538 757 3597 καὶ
771 3539 862 3616 μισθὸν
877 3540 946 3599 ἀπα-

163 3655 211 3690 σαν
235 3630 443 3708 ὑπισχνουμένου
463 3628 512 3699 τήν
528 3627 630 3698 οὐσίαν,
655 3626 727 3698 ἥκων
749 3651 786 3694 τις
807 3627 880 3709 παρά
902 3637 946 3689 τοῦ

162 3717 343 3798 Χαρικλέους,
359 3721 452 3775 Δεῖται
466 3721 512 3774 σοῦ
525 3718 673 3794 Χαρικλῆς,
689 3715 786 3793 ἔλεγεν,
809 3717 946 3797 ἀφικέσθαι

162 3807 224 3888 παρ’
251 3806 341 3865 αὐτόν·
363 3807 418 3864 ἔστι
442 3805 469 3863 δέ
490 3803 601 3875 πλησίον
614 3805 714 3862 ἐνταῦθ’
730 3807 804 3885 ἐντῷ
817 3804 948 3864 Ἀπολλω-

122 3919 149 3957 ιο
163 3895 210 3976 νίιρ
220 3895 264 3954 καὶ
278 3893 357 3972 ύμνον
374 3893 481 3951 ἀποθύει
495 3895 532 3972 τῷ
554 3895 621 3969 θεῷ,
638 3893 828 3972 τεταραγμένος
840 3918 865 3952 τι
878 3895 946 3954 κατά

162 3983 220 4049 τοίας
248 3980 353 4046 διτνους.
412 3979 606 4055 Ἐξανίστοιμαι
635 3984 801 4060 παραχρῆμα
831 3981 876 4038 καὶ
903 3982 945 4040 τόν

162 4070 298 4148 Θεαγένην
322 4067 482 4149 ἀποπέμψας
506 4068 548 4126 tri
569 4067 612 4126 τόν
627 4067 691 4126 νεὼν
714 4068 878 4149 ἀφικόμενος,
904 4071 946 4129 ἐπὶ

162 4155 246 4215 θώκου
262 4158 330 4225 τινός
353 4155 553 4234 καταλαμόάνω
572 4157 615 4216 τόν
631 4156 768 4237 Χαρικλέα
787 4159 945 4235 καθήμενον,

162 4246 229 4320 ἀγαν
237 4245 379 4325 περίλυπον
391 4245 435 4303 καί
444 4250 559 4325 συνεχῶς
567 4246 751 4307 ύποστένοντα.
789 4247 947 4328 Προσελθὼν

35 4341 38 4348 ’
121 4357 147 4397 aa
162 4325 217 4408 οάν,
233 4333 270 4393 Τί
282 4331 389 4400 σύννους
411 4333 455 4391 καί
476 4334 627 4412 σκυθρωπός
642 4325 675 4407 εἷ,
699 4333 819 4414 ἠρώτων.
862 4333 894 4394 Ὁ
907 4336 944 4408 δέ,

161 4422 196 4481 Τί
214 4420 265 4500 γάρ
275 4423 305 4480 ού
321 4422 419 4500 μέλλω,
432 4421 522 4501 φησίν,
536 4423 674 4502 ἀνειράτων
684 4423 712 4481 τέ
728 4446 761 4500 με
771 4421 945 4504 διαταραξάν-

162 4535 211 4568 των
223 4511 269 4569 καί
281 4516 327 4582 τῆς
338 4511 473 4589 θυγατρός,
487 4513 522 4577 ὡς
536 4512 677 4587 ἐπυθόμην,
690 4511 846 4590 ἀηδέστερον
860 4512 945 4571 διατε-

163 4600 250 4669 θείσης
262 4600 307 4656 καί
320 4599 368 4670 τὴν
382 4600 465 4656 νύκτα
476 4609 565 4656 πᾶσαν
580 4600 677 4657 ἄϋπνον
697 4600 885 4677 διαγαγούσης;
900 4601 945 4676 ἐμὲ

164 4685 191 4742 δὲ
205 4688 284 4742 λυπεῖ
298 4686 345 4762 μέν
360 4688 405 4745 καὶ
423 4688 508 4752 ἄλλως
525 4689 574 4766 οὐχ
594 4688 763 4765 ὑγιαίνουσα,
778 4688 857 4746 πλέον
868 4690 890 4748 δ’
907 4689 946 4749 ότι

102 4845 104 4851 ,
124 4797 149 4835 su
162 4775 208 4841 τῆς
222 4773 313 4850 κυρίας
322 4778 368 4832 τοῦ
377 4777 475 4850 ἀγῶνος
488 4776 522 4840 εἰς
536 4774 583 4845 τὴν
597 4774 655 4844 ἑξῆς
668 4775 849 4851 ἐνεστηκυίας,
865 4778 901 4842 εἷς
913 4778 946 4848 ἣν

162 4865 215 4923 τοῖς
228 4860 347 4928 ὁπλίταις
360 4863 483 4940 δρομεῧοι
498 4864 578 4943 δᾷδας
589 4863 738 4944 ἀναφαίνειν
750 4865 796 4922 καί
810 4863 945 4944 βραόεύειν

162 4944 210 5017 τὴν
226 4946 333 5025 ζάκορον
355 4952 475 5027 νόμιμον,
490 4953 559 5009 δυοῖν
574 4951 681 5030 θάτερον
696 4952 797 5029 ἀνάγκη
812 4952 829 5024 ί,
848 4952 946 5025 ταύτην

164 5036 373 5112 ἀπολειπομένην
383 5040 555 5115 λυμαίνεσθαι
569 5040 598 5098 τὸ
610 5043 728 5121 πάτριον,
742 5041 759 5113 ἢ
771 5042 815 5101 καί
832 5043 946 5102 ἀκουσαν

164 5123 365 5203 ἀφικνουμένην,
389 5127 566 5208 ἐπιτρίόεσθαι
587 5129 782 5210 χαλεπώτερον.
824 5130 902 5191 ‘ssus’
924 5132 946 5188 εί

988 1366 1104 1418 divinitus
1115 1372 1253 1433 eognovisse
1264 1373 1418 1436 existimans,
1434 1389 1520 1437 parum
1534 1376 1632 1439 aberat,
1648 1379 1709 1442 quin
1721 1393 1771 1443 pro·

988 1465 1104 1514 cumbens
1116 1466 1237 1519 adoraret.
1270 1471 1302 1543 itt
1316 1482 1373 1519 cum
1390 1469 1538 1534 inhiberem,
1549 1473 1774 1540 mediabatnrraepe

989 1560 1201 1624 eaputacoedens,
1213 1567 1237 1612 et
1249 1561 1295 1613 diis
1306 1564 1392 1626 agebat
1402 1566 1503 1628 gratias,
1513 1567 1578 1630 quod
1589 1580 1634 1631 spe
1642 1582 1688 1618 sua
1699 1569 1775 1635 lapsas
1799 1633 1807 1643 ι

989 1667 1037 1702 non
1044 1658 1115 1719 esset,
1123 1658 1199 1719 utque
1208 1658 1241 1707 iiii
1252 1662 1361 1710 servator
1370 1673 1446 1710 essem
1456 1661 1600 1724 precabatur
1611 1666 1780 1727 :nequeenim

988 1761 1014 1797 se
1023 1749 1175 1811 superstitem
1189 1764 1240 1801 esse
1254 1765 1334 1816 posse,
1349 1753 1369 1803 si
1384 1755 1484 1816 auxilio,
1497 1758 1571 1818 atque
1581 1757 1629 1807 boe
1643 1758 1696 1821 ipso
1708 1759 1784 1811 aeleri

989 1843 1166 1894 destitueretur.
1199 1850 1303 1897 Tantum
1315 1849 1406 1898 maium
1415 1863 1441 1900 se
1450 1850 1572 1912 invasisse,
1580 1855 1657 1916 atque
1665 1854 1700 1905 ita
1709 1855 1793 1905 flam-

990 1938 1035 1988 mia
1041 1939 1141 1989 attentus
1149 1941 1197 2002 uri,
1205 1942 1325 2005 precipue
1331 1944 1384 1992 tum
1392 1944 1498 2006 primum
1507 1958 1614 1996 amorern
1623 1947 1799 2000 sentientem.

990 2035 1177 2085 consuetudinis
1188 2037 1252 2085 enim
1273 2036 1398 2087 muliebris
1414 2041 1538 2101 expertem
1550 2053 1577 2090 se
1597 2054 1651 2092 esse
1666 2042 1763 2095 diersa
1780 2077 1807 2103 ‚

989 2130 1071 2178 multia
1082 2130 1161 2180 modis
1168 2132 1268 2192 jurans:
1280 2146 1423 2196 semperque
1433 2135 1551 2198 respuisse
1566 2136 1592 2185 et
1605 2136 1719 2201 eonjiagia
1729 2140 1809 2203 ips-

989 2226 1156 2286 etamores,si
1167 2226 1269 2289 aiicujus
1276 2227 1389 2287 audisset,
1398 2229 1476 2291 quoad
1486 2229 1555 2280 iiiam
1564 2230 1809 2285 cmdeimmrna

990 2319 1145 2380 convicisset,
1156 2320 1222 2382 qriod
1233 2334 1282 2370 non
1294 2322 1398 2372 naturali
1409 2323 1553 2373 abstinentia
1564 2326 1588 2374 et
1599 2325 1690 2376 robore
1698 2324 1809 2378 mm

990 2413 1118 2475 praeditus,
1128 2413 1169 2463 sed
1180 2427 1257 2477 usque
1267 2415 1297 2464 ad
1307 2416 1375 2465 iiiam
1385 2415 1449 2466 diem
1459 2418 1809 2485 mutieremamoredignau

990 2522 1039 2558 non
1057 2509 1164 2559 vidisset.
1198 2513 1229 2559 nt
1244 2511 1296 2560 bae
1314 2511 1396 2561 dicens
1408 2512 1564 2577 iaerimabat,
1584 2514 1662 2566 veimi
1676 2515 1809 2567 inritum

991 2604 1016 2652 et
1027 2615 1070 2664 per
1079 2602 1129 2651 rim
1144 2603 1262 2666 avirgine
1278 2617 1304 2653 se
1317 2605 1410 2655 victum
1420 2619 1471 2656 esse
1485 2606 1620 2658 declarans.
1655 2608 1809 2673 Ergebarz

991 2696 1059 2747 iiiam
1073 2700 1097 2747 ei
1109 2697 1250 2747 mnsoiabar
1261 2703 1295 2752 et,
1304 2701 1363 2748 Esto
1375 2698 1456 2749 iidenti
1470 2702 1565 2762 animo,
1580 2701 1708 2766 dicebam,
1720 2714 1809 2755 ουκ

991 2791 1064 2840 semei
1073 2790 1103 2840 ad
1116 2804 1160 2841 nos
1169 2792 1319 2855 ooniugeris:
1330 2807 1380 2843 non
1391 2795 1455 2843 enim
1465 2796 1511 2845 erit
1519 2795 1561 2846 iiia
1572 2799 1656 2848 nostra
1664 2798 1809 2863 sapienti-³

992 2887 1085 2938 tortior.
1120 2891 1162 2937 itsi
1172 2888 1270 2951 quidem
1282 2890 1399 2939 austerior
1407 2892 1432 2939 et
1441 2890 1571 2942 ‹iiiiieuiter
1582 2894 1608 2942 in
1619 2893 1809 2945 amoraand=

992 2980 1039 3030 iabi
1056 2982 1149 3044 potest,
1160 2985 1278 3032 Venerem
1291 2985 1316 3032 et
1334 2983 1471 3046 eonjugium
1490 2998 1578 3047 exosa,
1590 2986 1631 3037 vei
1641 2987 1662 3038 si
1673 2989 1809 3039 nomine

991 3076 1096 3124 batum.
1129 3075 1176 3125 Sed
1198 3078 1296 3138 propter
1315 3078 1340 3125 te
1362 3076 1444 3126 omnia
1458 3078 1579 3128 movenda
1598 3083 1666 3131 aaut.
1699 3086 1744 3132 Ars
1754 3090 1809 3130 ε

992 3171 1103 3217 naturam
1117 3169 1224 3231 frangere
1233 3171 1312 3231 potest
1324 3184 1331 3218 ι
1344 3171 1440 3220 tantrim
1450 3171 1613 3231 ooniidentem
1624 3186 1677 3225 esse
1686 3177 1809 3238 oport:

992 3263 1017 3310 ei
1028 3262 1155 3324 imperanti
1168 3262 1303 3311 necessaria
1313 3276 1406 3324 parere.
1440 3264 1553 3315 Promisit
1566 3279 1592 3315 se
1603 3267 1687 3316 omnia
1702 3268 1809 3317 iaetu

994 3369 1063 3415 rum,
1076 3355 1141 3405 sieut
1161 3369 1204 3418 ego
1222 3356 1390 3418 imperassem,
1403 3357 1424 3407 si
1435 3358 1593 3420 veijuberem
1612 3373 1670 3410 eum
1689 3360 1725 3411 ire
1737 3367 1809 3425 pe

992 3448 1093 3511 gladios.

1023 3546 1108 3594 xviii.
1123 3545 1163 3593 ita
1172 3544 1214 3593 iiio
1227 3544 1368 3595 obsecrante
1384 3548 1458 3608 atque
1470 3546 1607 3597 obtestante
1616 3549 1642 3597 et
1655 3547 1809 3611 prunirc

992 3632 1584 3697 omnessuasiacuiiatesmibipoiiicente,reniens
1591 3635 1809 3698 qumanana-³

993 3727 1064 3788 rieie,
1080 3727 1143 3778 Petit
1157 3741 1172 3777 a
1187 3730 1211 3777 to
1225 3728 1359 3788 cbaricies,
1372 3728 1480 3789 dicebat,
1491 3732 1519 3778 ut
1530 3729 1560 3778 ad
1574 3743 1601 3778 se
1615 3731 1707 3781 venias.
1737 3734 1809 3782 E·

993 3824 1075 3871 autem
1089 3821 1128 3871 bie
1141 3833 1217 3884 prope
1228 3821 1253 3870 in
1267 3821 1358 3883 tempio
1373 3821 1488 3883 spoliinis
1501 3824 1526 3871 et
1541 3821 1632 3885 hymno
1645 3822 1719 3874 deum
1731 3824 1809 3887 pi,

993 3918 1032 3966 cat
1038 3952 1045 3978 ‚
1053 3919 1180 3979 propterea
1189 3915 1255 3978 qaod
1266 3916 1421 3966 turbatusest
1429 3916 1508 3966 neseio
1515 3915 1640 3979 quomodo
1650 3917 1809 3971 insomnb

992 4014 1118 4072 consurgo
1127 4009 1208 4060 subito
1220 4012 1244 4059 ei
1255 4010 1380 4072 Timagene
1398 4011 1508 4074 ablegato
1522 4011 1547 4060 in
1563 4012 1683 4075 tempium
1696 4015 1809 4077 pertz

993 4107 1073 4166 niens,
1085 4105 1238 4168 deprehendo
1252 4105 1388 4155 cbarieiem
1400 4105 1522 4155 sedentem
1537 4107 1561 4155 in
1570 4106 1809 4169 seila,admodun

993 4201 1084 4250 tristem
1097 4202 1120 4250 et
1135 4201 1461 4264 mutinueingemiseentem.
1492 4201 1615 4252 Accedeus
1627 4189 1809 4266 intumum-³

992 4297 1026 4346 ita
1044 4296 1117 4345 tristis
1129 4309 1156 4345 es
1167 4298 1192 4345 et
1206 4309 1323 4371 mmrens,
1337 4296 1522 4360 interrogabam.
1555 4297 1598 4347 iiie
1616 4301 1701 4349 autem
1712 4319 1720 4349 ε
1733 4301 1775 4349 (ba
1786 4299 1809 4337 ¹

992 4391 1055 4440 enim
1067 4403 1115 4440 noo
1125 4389 1227 4441 debeam
1237 4405 1296 4451 esse,
1307 4404 1364 4441 oum
1378 4394 1403 4441 et
1418 4391 1537 4441 insomnia
1545 4404 1583 4442 me
1596 4392 1749 4444 turbaverint
1757 4393 1809 4443 eit

993 4486 1042 4535 filia
1051 4499 1117 4549 mea,
1129 4486 1200 4535 sicuti
1210 4487 1301 4548 audiri,
1309 4499 1373 4550 aegra
1384 4487 1415 4536 sit
1422 4490 1446 4537 et
1455 4490 1531 4537 totam
1539 4490 1636 4537 nostem
1648 4488 1809 4539 insomnw

992 4575 1105 4625 duxerit?
1118 4588 1226 4625 movero
1238 4588 1293 4624 eum
1308 4575 1398 4638 alioqui
1409 4576 1492 4625 dolore
1506 4576 1595 4625 aiirciat
1605 4576 1672 4626 iliius
1682 4577 1809 4628 advers!

992 4670 1119 4730 vaietudo,
1131 4673 1184 4719 tum
1198 4670 1330 4732 praecipue,
1350 4670 1415 4732 quod
1426 4683 1482 4719 cum
1499 4670 1644 4733 soquenssit
1657 4664 1809 4722 certamini?

992 4762 1123 4812 destinatus
1132 4764 1196 4826 dies,
1206 4778 1255 4826 quo
1264 4763 1361 4814 armatis
1370 4763 1509 4815 cursoribus
1516 4763 1633 4814 aedituum
1646 4765 1726 4815 iaeem
1735 4778 1784 4815 sus·
1794 4779 1809 4795 ⁶

993 4855 1077 4905 ioiiere
1087 4859 1113 4905 et
1124 4870 1225 4920 praeesse
1236 4859 1368 4921 legitimum
1384 4859 1434 4920 est,
1453 4859 1556 4909 aitermn
1572 4872 1604 4908 ex
1615 4857 1716 4909 duobus
1729 4871 1784 4910 ese·

992 4952 1044 5001 nire
1055 4964 1151 5001 neeesse
1159 4952 1199 5013 sii,
1210 4956 1237 5001 ut
1247 4957 1289 5003 aut
1300 4954 1385 5002 absens
1396 4956 1518 5015 pervertat
1529 4966 1559 5002 ao
1567 4951 1679 5003 destruat
1689 4966 1784 5004 morem

992 5044 1124 5104 usitatum,
1140 5049 1183 5095 aui
1202 5047 1240 5095 rei
1257 5048 1332 5097 inrita
1351 5047 1448 5097 veniens
1463 5048 1559 5109 gravius
1571 5047 1646 5096 etiam
1661 5046 1785 5110 aibigatrrr

992 5139 1171 5199 eranrobrem,
1181 5138 1201 5188 si
1211 5138 1308 5201 quidem
1319 5141 1385 5202 prius
1393 5140 1443 5191 beri
1458 5153 1506 5190 non
1516 5139 1609 5204 potuit,
1620 5151 1689 5191 unns
1696 5140 1785 5192 saitem
