3726 5692
667 564 1103 682 PRAEFATIO.

762 874 1022 900 “OQ-—

126 1075 376 1163 Parthenium,
392 1074 562 1171 Augustei
575 1072 686 1146 seculi
702 1073 926 1172 scriptorem,
939 1074 1079 1173 primus
1093 1071 1208 1145 edidit
1223 1073 1538 1147 ianusCornarius
1553 1075 1695 1148 Basilcae

78 1201 176 1300 apud
190 1199 412 1272 Frobenium
427 1224 458 1268 a.
484 1196 588 1287 1531,
606 1198 670 1296 qui
682 1195 1025 1269 adhibuitcodicem
1045 1196 1259 1285 Palatinum,
1279 1198 1316 1267 in
1332 1221 1407 1299 qqo
1419 1196 1497 1268 solo
1516 1197 1575 1270 hic
1587 1198 1694 1271 libel·

78 1327 135 1399 lus
154 1324 300 1420 legitur3
317 1337 371 1394 est
386 1322 498 1395 seculi
510 1327 554 1408 X,
567 1321 691 1417 judice
704 1326 761 1392 Fr.
785 1322 979 1392 Wilkenio.
995 1324 1196 1417 Sequentes
1207 1319 1364 1391 editores
1380 1336 1546 1392 nostrum
1556 1325 1691 1420 passim

80 1447 379 1535 emendaverunt,
400 1445 518 1517 donec
535 1451 591 1516 Fr.
607 1448 637 1515 J.
658 1445 798 1516 Bastius
813 1443 977 1516 codicem
992 1443 1115 1514 denuo
1127 1443 1284 1514 contulit
1303 1459 1338 1514 et
1355 1443 1529 1516 lectiones
1540 1445 1606 1518 has
1617 1448 1692 1519 edi·

81 1568 146 1655 dit,
166 1568 303 1665 quibus
334 1568 371 1637 in
392 1567 590 1638 novissima
606 1565 714 1661 hujus
739 1566 897 1638 auctoris
918 1565 1079 1637 editione
1095 1591 1181 1637 usus
1200 1582 1255 1637 est
1276 1571 1334 1637 Fr.
1359 1572 1515 1640 Passow.
1539 1571 1694 1688 (Lipsiae

79 1693 257 1763 Teubner.
282 1689 774 1787 1824).1nssibtioth.t.ugd.
796 1693 923 1760 Batava
938 1706 1100 1760 servatur
1116 1689 1208 1761 liber
1222 1715 1265 1761 ex
1281 1688 1427 1761 officina
1443 1694 1697 1769 Commelinia·
1785 1694 1788 1699 ’

81 1842 140 1904 ua,
151 1841 261 1913 quem
274 1814 452 1887 benevole
468 1813 558 1884 mibi
574 1812 753 1884 utendum
769 1812 871 1883 dedit
884 1812 1137 1884 JacobusGeel
1151 1838 1160 1883 :
1173 1814 1523 1885 continetAchillem
1538 1819 1693 1909 Tatium,
1769 1910 1774 1919 .
1849 1828 1851 1835 '

79 1940 245 2033 [ongum
269 1952 305 2007 et
323 1934 574 2023 Parthenium,
600 1935 637 2005 in
660 1934 766 2005 titulo
784 1935 973 2031 scriptum,
994 1935 1129 2006 librum
1145 1934 1233 2006 olim
1251 1934 1361 2007 fuisse
1379 1938 1472 2008 Petri
1484 1941 1693 2031 Burmanni,

81 2061 393 2132 haeadnotatione
402 2059 541 2157 adjecta
555 2089 572 2124 ι(
584 2059 671 2131 huic
679 2059 774 2131 libro
784 2063 858 2129 Jos.
871 2058 1027 2155 Scaliger
1037 2058 1169 2131 multas
1177 2059 1367 2157 adscripsit
1380 2061 1665 2136 emendationes.
1682 2102 1694 2126 .

80 2190 252 2258 Praeterea
265 2188 343 2256 Car.
361 2190 407 2257 G.
426 2183 543 2256 Cobet
557 2209 640 2255 suas
658 2208 801 2255 mecum
818 2183 855 2254 in
869 2182 942 2254 hoc
955 2198 1101 2255 auctore
1110 2182 1694 2257 communicavitemendationes:

82 2310 214 2381 horum
230 2310 391 2380 virorum
407 2322 441 2379 et
459 2306 605 2378 illorum
620 2308 683 2404 qui
698 2333 718 2378 a
732 2308 902 2378 Passovio
914 2304 1402 2379 citanturemendationibus
1417 2331 1504 2377 usus
1520 2333 1614 2398 sum,
1628 2309 1695 2382 alia

82 2437 158 2531 ipse
173 2432 377 2505 emendavi.
391 2437 626 2529 Quaecunque
641 2433 762 2530 itaque
776 2432 813 2502 in
829 2447 952 2504 nostra
968 2431 1129 2503 editione
1146 2446 1293 2520 mutata,
1307 2431 1450 2502 critices
1463 2457 1533 2529 ope
1546 2448 1693 2507 mutata.

129 2556 242 2628 Multa
254 2558 291 2627 in
305 2555 499 2628 Parthenio
512 2570 611 2627 certa
623 2557 766 2627 ratione
779 2553 966 2626 emendari
983 2580 1057 2627 non
1074 2570 1243 2652 possunt,
1259 2555 1433 2652 quoniam
1449 2571 1485 2627 et
1497 2580 1569 2626 suae
1583 2559 1695 2628 aetatis

82 2676 204 2772 lingua
233 2678 358 2765 utitur,
386 2693 422 2748 et
440 2702 482 2748 ex
501 2677 664 2775 antiquis
682 2678 813 2749 lonicis
833 2677 1082 2774 scriptoribus,
1098 2677 1291 2775 exquibus
1309 2677 1441 2767 hausit,
1458 2704 1533 2749 non
1553 2695 1694 2752 tantum

82 2802 268 2898 antiquam
278 2800 426 2872 dicendi
435 2803 625 2890 rationem,
638 2803 788 2900 antiqua
803 2800 912 2873 verba
921 2816 988 2872 etc.
1004 2802 1147 2899 petivit,
1157 2801 1221 2873 sed
1234 2804 1342 2873 etiam
1359 2802 1493 2873 horum
1504 2819 1695 2875 auctorum

83 3051 258 3121 suavitate
278 3066 467 3149 tantopere
488 3051 719 3123 delectamur.

131 3177 257 3246 latina
277 3177 395 3247 versio
409 3192 463 3247 est
478 3176 560 3246 iani
574 3175 751 3264 Ceruarii,
766 3199 888 3273 quam,
905 3173 970 3245 ubi
987 3198 1135 3245 necesse
1150 3188 1237 3262 erat,
1256 3175 1492 3245 correximus.

132 3300 324 3385 Quadratis
352 3300 612 3397 parentheseos
631 3300 743 3397 signis
769 3298 910 3372 inclusa
935 3296 1100 3369 indicant
1128 3296 1300 3386 delenda,
1327 3297 1496 3370 rotundis
1511 3297 1696 3390 addenda3

82 3423 272 3495 asteriscus
288 3425 441 3521 positus,
459 3424 524 3495 ubi
543 3424 708 3522 quaedam
729 3424 853 3496 deesse
875 3447 1080 3495 censennrs.

132 3705 186 3771 De
200 3700 347 3771 Achillis
362 3703 464 3792 Tatii,
480 3702 605 3799 Longi,
622 3700 877 3799 Xenophontis
891 3700 1035 3799 Ephesii
1044 3717 1145 3773 aetate
1158 3716 1192 3773 et
1205 3704 1277 3775 vita
1293 3727 1334 3772 ex
1352 3715 1514 3772 veterum
1529 3702 1696 3772 testimo·
1811 3742 1814 3747 ·

85 3825 155 3895 niis
175 3824 267 3896 nihil
295 3827 384 3896 certi
406 3826 1084 3925 afferripotes13expravaGraecitate,
1109 3852 1180 3925 qua
1205 3840 1371 3914 utuntur,
1392 3825 1474 3896 illos
1497 3826 1543 3897 ad
1561 3826 1696 3897 seriora

84 3947 225 4036 saecuta,
246 3945 284 4018 id
302 3963 355 4019 est
371 3975 398 4019 s.
416 3953 462 4020 tlt
473 3975 551 4051 sqq.
568 3974 603 4047 p.
620 3949 704 4022 Chr.
724 3948 933 4022 referendos
947 3975 1024 4022 esse
1044 3965 1153 4048 patet.

135 4068 298 4138 Eroticos
315 4068 422 4140 edere
432 4071 572 4167 paranti
586 4074 666 4142 Car.
682 4076 725 4143 G.
737 4071 855 4142 Cobet
871 4087 907 4142 et
922 4071 1096 4144 lectiones
1110 4070 1247 4143 codicis
1261 4078 1287 4144 F
1289 4071 1462 4144 lorentini
1477 4071 1698 4142 accuratissi-

85 4214 143 4261 me
158 4189 279 4262 collati
298 4207 334 4262 et
348 4217 431 4263 suas
448 4194 484 4263 iu
501 4192 559 4264 his
574 4193 783 4265 auctoribus
799 4195 1075 4268 emendationes
1089 4195 1190 4267 dedit
1203 4195 1368 4266 utendas.

133 4318 176 4384 In
197 4331 323 4386 nostra
343 4315 505 4388 editione
524 4317 618 4389 hanc
635 4319 750 4389 secuti
765 4343 893 4390 sumus
911 4324 1109 4410 rationem,
1131 4336 1169 4391 ut
1196 4319 1363 4392 meliores
1383 4345 1425 4391 ex
1447 4317 1637 4391 codicibus
1650 4317 1699 4390 le·
1767 4324 1769 4329 ’

83 4441 225 4510 ctiones
239 4454 275 4510 et
291 4439 451 4511 virorum
469 4441 696 4513 eruditorum
717 4457 932 4540 nostrasque
944 4443 1217 4516 emendationes
1233 4445 1271 4514 in
1286 4457 1423 4517 textum
1441 4442 1696 4539 receperimus.

84 4561 248 4633 indicem
264 4561 476 4657 adjecimus,
494 4565 532 4636 in
559 4591 634 4663 quo
652 4591 878 4664 quaecunque
896 4569 935 4639 in
955 4593 1102 4664 quoque
1118 4583 1264 4641 auctore
1284 4582 1420 4640 mutata
1439 4581 1537 4655 sunt,
1563 4567 1697 4654 notavi,

85 4686 135 4756 ita
156 4701 198 4756 ut
212 4685 327 4756 lector
337 4687 439 4759 facile
451 4688 584 4776 videat,
605 4715 770 4788 quaenam
786 4689 943 4787 vulgaris
959 4691 1005 4762 sit
1020 4690 1140 4780 lectio,
1156 4690 1279 4789 quide
1300 4689 1420 4775 codd,
1434 4687 1525 4787 quid
1555 4689 1697 4761 critices

84 4834 156 4907 ope
173 4810 221 4880 sit
238 4810 484 4883 emendatum.

135 4930 294 5003 Achilles
313 4934 432 5005 Tatius
445 4935 604 5032 primum
621 4938 745 5009 Latine
756 4937 912 5036 prodiit,
931 4938 1064 5009 Annib.
1076 4937 1228 5010 Cruceio
1242 4937 1455 5033 interprete,
1471 4934 1586 5032 Lugd.
1601 4932 1699 5030 apud

86 5055 122 5124 S.
137 5053 343 5153 Gryphium
360 5080 392 5127 a.
415 5055 526 5148 1544,
540 5057 603 5130 bic
619 5060 666 5131 ab
689 5063 768 5132 Oct.
790 5061 952 5132 Ferrario
968 5061 1132 5133 codicem
1149 5060 1205 5131 vel
1227 5060 1351 5158 potius
1364 5061 1501 5133 codicis
1516 5060 1695 5158 fragmen·

88 5190 169 5249 tum
193 5195 390 5277 acceperat.
423 5181 541 5253 Altera
570 5184 712 5255 Cruceii
732 5186 858 5281 ‚versio
886 5208 930 5254 ex
957 5166 1082 5257 codice
1104 5190 1228 5256 Romae
1258 5185 1408 5257 invento
1438 5185 1580 5257 Basiieae
1604 5184 1702 5257 edita

174 5298 302 5358 Ειοποι.
1576 5325 1594 5357 a
