3726 5692
749 200 1100 323 inAEFnrlun'cutn.
1520 276 1577 326 605

247 399 402 469 delectat
419 414 527 495 atque
537 413 673 468 monet.
686 399 746 468 His
756 398 848 468 adde
863 399 963 494 quod
975 399 1264 494 praestantissimo
1273 401 1440 468 omnium
1452 426 1575 470 recen-

248 524 348 593 tioris
362 524 425 591 aevi
436 538 625 618 poetarum
639 523 823 591 materiam
834 521 1002 618 praebuit,
1015 523 1050 591 in
1062 546 1134 618 qua
1144 523 1274 616 ingenii
1284 523 1376 592 vires
1384 540 1574 595 exerceret.

297 649 459 735 Etenim,
477 662 518 717 ut
532 646 628 744 apud
651 670 718 715 nos
734 644 964 742 Daphnidem
980 661 1016 716 et
1039 645 1192 716 Clvloam
1211 663 1428 742 exceperunt
1444 649 1575 719 Paulus

249 796 289 841 ac
309 769 507 863 Virginiola
523 812 570 822 —
588 768 633 839 de
651 769 801 839 Annella
818 783 939 839 autem
962 783 998 839 et
1018 769 1160 841 Lubino
1187 784 1304 841 tacere
1320 771 1420 841 lubet
1436 815 1505 858 --,
1529 774 1578 843 sic

248 897 293 969 ab
313 895 505 994 Apollonio
520 911 557 966 et
580 894 854 984 Arclnstratide,
881 909 1053 990 tanquam
1072 893 1117 965 ab
1140 920 1292 966 avorum
1314 897 1471 991 legitima
1491 924 1577 994 qua-

249 1020 334 1091 dam
358 1022 485 1118 stirpe,
500 1019 651 1117 profecti
666 1034 751 1090 sunt
773 1033 870 1089 recta
895 1018 1058 1107 Heloisa,
1090 1019 1289 1091 Abelardus
1314 1036 1350 1090 et
1374 1046 1458 1092 cum
1484 1022 1577 1092 Julia

250 1147 403 1217 amasius
420 1145 497 1239 ejus
514 1146 661 1215 nomine
682 1149 715 1215 S.
726 1169 856 1240 preux.

299 1268 413 1339 lidem
430 1269 537 1362 igitur
551 1268 615 1363 qui
640 1267 690 1337 nil
707 1266 828 1338 adhuc
850 1268 962 1362 Longi
990 1269 1172 1356 novimus,
1194 1283 1321 1366 praeter
1341 1292 1473 1338 nomen
1491 1283 1527 1338 et
1542 1269 1580 1339 li-

249 1392 357 1463 brum
374 1392 499 1485 Longi,
525 1390 706 1487 Apollonii
725 1391 799 1486 jam
819 1390 1046 1479 tenebimus,
1063 1392 1117 1461 sin
1147 1392 1266 1462 minus
1293 1417 1420 1464 verum
1445 1418 1578 1464 nomen

251 1530 286 1586 et
297 1515 462 1612 patriam,
478 1528 772 1613 cumutrumque
787 1515 832 1585 sit
847 1511 1051 1608 ψευδώνυμον,
1071 1529 1212 1586 atcerte
1233 1514 1366 1586 librum
1383 1532 1418 1588 et
1437 1531 1580 1615 tempus

250 1639 355 1725 tibri;
382 1639 517 1709 exitum
540 1662 670 1735 nempe
686 1639 803 1733 quarti
817 1653 901 1736 post
922 1638 1107 1710 Christum
1124 1655 1249 1710 natum
1260 1641 1391 1711 saeculi.
1511 1659 1513 1663 ·

299 1768 351 1835 Eo
373 1763 580 1834 faustiorem
604 1761 815 1859 Apollonius
841 1763 1042 1853 fortunam,
1060 1790 1153 1861 pene
1175 1765 1246 1836 dixi
1272 1764 1496 1862 Apollinem,
1521 1791 1579 1837 ex·

250 1903 374 1989 pertus
390 1903 444 1959 est
459 1912 567 1984 quam
589 1886 773 1975 Aristides,
793 1887 896 1982 cujus
915 1887 1051 1959 fabulas
1066 1913 1197 1984 graecas
1211 1888 1359 1960 latinam
1376 1891 1412 1959 in
1436 1914 1579 1987 prosam

251 2010 399 2082 deduxit
421 2012 588 2099 Sisenna,
607 2009 707 2107 quod
722 2010 943 2081 carminibus
962 2011 1119 2082 vicissim
1133 2014 1265 2107 graecis,
1278 2014 1436 2084 romanis
1451 2038 1491 2084 ac
1506 2013 1579 2084 bri·

253 2137 370 2207 tannis
385 2133 524 2204 diverse
542 2134 872 2230 interpretantium,
889 2148 1010 2204 ortum
1030 2149 1065 2204 et
1079 2134 1210 2206 sarnam
1232 2135 1345 2206 dedit.

211 2297 212 2300 ¹
301 2259 456 2332 Libellus
478 2284 563 2331 vero
581 2261 727 2349 Noster,
748 2275 789 2330 ut
808 2262 930 2358 paucis
951 2259 1093 2349 finiam,
1117 2285 1161 2331 eo
1178 2261 1332 2332 maxime
1354 2276 1407 2331 tot
1423 2261 1469 2333 ab
1491 2231 1579 2358 ope-

161 2397 163 2399 ’
252 2386 352 2458 ribus
367 2386 401 2457 id
413 2411 525 2481 genus
548 2385 674 2475 distat,
691 2385 792 2483 quod
816 2387 979 2457 moribus
994 2411 1036 2457 ac
1060 2386 1225 2481 religioni
1244 2362 1419 2475 consulit,
1443 2385 1578 2456 nedum

253 2506 305 2580 vel
331 2511 479 2580 minime
502 2523 650 2596 noceat3
678 2508 920 2607 graphiceque
944 2525 979 2580 et
998 2511 1159 2597 scenice,
1184 2535 1346 2580 summus
1371 2504 1417 2579 ad
1444 2510 1579 2597 imum,

253 2635 428 2733 prodocet
449 2661 558 2731 quam
576 2635 671 2729 juste
697 2639 793 2705 Deus
814 2636 1011 2731 unicuique
1038 2649 1204 2705 nostrum
1224 2634 1422 2732 provideat.
1445 2638 1581 2722 Quam·

253 2759 380 2830 obrem
395 2759 532 2829 auctori
543 2758 618 2853 ejus
626 2758 832 2854 Apolloni0‚
845 2759 908 2854 qui
919 2784 1002 2829 suos
1013 2760 1089 2855 ipse
1100 2783 1202 2828 casus
1215 2758 1409 2842 enarravit,
1424 2757 1582 2826 liberum

254 2884 322 2956 fuit
338 2898 447 2979 atque
465 2883 624 2953 abomni
640 2883 841 2953 temeritate
859 2882 1031 2972 solutum,
1049 2882 1212 2980 Ephesiae
1223 2882 1257 2951 in
1282 2880 1417 2976 templo
1428 2881 1581 2949 Artemi-

254 3006 309 3077 dis
332 3006 515 3104 deponere
543 3021 578 3077 et
600 3006 746 3103 proprie
768 3030 979 3077 consecrare
1005 3003 1157 3076 alterum
1182 3029 1202 3074 e
1229 3002 1476 3073 voluminibus
1503 3026 1584 3097 qua

254 3131 353 3227 paria
369 3112 521 3200 omnino
535 3144 572 3199 et
587 3129 829 3224 veregemina
842 3129 1068 3214 confecerat,

881 3415 960 3481 lll.

303 3640 490 3737 Quidquid
502 3656 555 3711 est
580 3642 617 3711 in
633 3640 740 3712 rebus
756 3640 926 3713 humanis
939 3642 1054 3712 imum
1065 3656 1100 3711 et
1116 3663 1319 3729 summum,
1338 3638 1506 3712 altissime
1522 3667 1584 3712 seu

169 3752 176 3767 ’
256 3766 444 3862 dejiciatur
459 3781 521 3837 aut
541 3790 664 3836 rursus
679 3765 854 3836 evehatur
868 3766 1020 3837 mortale
1036 3790 1182 3861 corpus,
1201 3773 1349 3835 cunctas
1363 3765 1531 3856 demum,
1550 3769 1585 3837 in

258 3905 447 3987 utramque
478 3907 639 3989 partem,
672 3891 824 3961 fortunae
853 3890 949 3961 vices
978 3915 1092 3978 unus,
1124 3889 1300 3977 vivendo,
1339 3890 1584 3979 continuavit,

257 4016 418 4104 miscuit,
436 4014 599 4086 exhausit
612 4015 824 4112 Apollonius
838 4013 898 4085 ille
912 4029 1046 4103 noster,
1064 4039 1134 4084 suae
1154 4015 1265 4112 ipsius
1282 4013 1410 4084 fabulae
1433 4016 1587 4113 scriptor

258 4138 364 4209 simtd
374 4153 529 4211 etactor.
543 4143 645 4228 Nam,
651 4139 800 4234 juvante
810 4142 902 4228 Deo,
912 4163 978 4210 nec
991 4137 1170 4208 officiente
1188 4137 1261 4208 sors
1272 4151 1322 4207 est
1339 4163 1403 4207 sua
1414 4137 1526 4235 ipsius
1534 4163 1588 4208 so·

257 4262 359 4335 lertia
368 4278 403 4334 et
417 4263 742 4353 mentisindustria,
755 4288 943 4362 supremos
951 4264 1115 4358 attigerat
1125 4263 1298 4351 honores,
1311 4260 1588 4358 absolutamque

260 4387 483 4478 felicitatem,
511 4387 608 4459 unde
637 4413 720 4458 mox
741 4390 778 4459 in
801 4388 1004 4460 humillima
1032 4403 1068 4459 et
1092 4387 1393 4458 aerumnosissima
1414 4410 1586 4483 quaeque,

259 4524 431 4608 tanquam
454 4513 490 4582 in
517 4511 760 4609 procellosum
775 4526 812 4583 et
825 4512 1091 4610 importuosum
1105 4536 1226 4601 mare,
1252 4510 1483 4598 deturbatus,
1501 4533 1590 4578 nun-

261 4660 372 4735 quam
402 4663 476 4708 non
506 4637 812 4709 incontaminatus
837 4638 987 4727 exstitit,
1016 4663 1136 4709 rerum
1161 4636 1392 4708 adversarum
1415 4657 1529 4730 usque
1555 4648 1591 4703 et

260 4784 343 4832 vere
369 4757 620 4833 immersabilis
634 4761 753 4833 undis.
784 4765 938 4833 Uxorem
969 4763 1102 4833 etenim
1120 4761 1330 4861 Apollonius
1356 4758 1457 4829 duxit
1488 4755 1591 4826 avitis

261 4881 393 4954 editam
404 4884 546 4981 regibus
558 4885 732 4984 puellam,
745 4909 824 4984 quae
834 4885 935 4957 illum
948 4911 989 4956 ex
1002 4885 1172 4957 omnibus
1188 4886 1236 4957 ol)
1251 4882 1397 4955 eximias
1414 4879 1546 4978 ingenii
1557 4893 1592 4950 et
