3726 5692
766 280 1119 349 rumimuncum.
1549 293 1604 346 cot

276 424 494 518 squalorem,
512 421 691 509 tenebras,
705 420 844 491 luctum
856 448 866 508 3
880 435 915 490 et
929 421 1019 490 dum
1036 418 1109 491 huc
1132 435 1168 490 et
1177 421 1262 491 illuc
1278 420 1377 491 urbis
1393 422 1605 515 ingreditur,

278 570 361 614 mox
378 558 505 614 cantus
520 543 621 614 audit
638 559 674 614 et
692 546 852 615 carmina
870 544 999 642 puellae
1012 545 1114 639 cujus
1137 560 1191 615 tot
1207 560 1291 616 sunt
1309 546 1496 641 aenigmata
1517 561 1607 642 quot

277 692 394 738 voces.
409 667 619 764 Apollonius
630 682 716 738 tunc
729 669 895 763 conjicit,
912 670 1009 767 capit
1020 684 1057 740 et
1069 696 1077 737 :
1091 674 1231 758 Meum,
1244 693 1327 739 ecce
1337 693 1473 756 meum,
1488 668 1604 739 excla-

277 806 366 880 mat,
380 789 607 886 sanguinem!
635 816 766 882 meam,
781 817 823 863 ex
838 816 896 862 me
907 807 1042 883 natam,
1060 789 1235 863 Tarsiaml
1252 795 1296 862 Et
1312 791 1421 863 ambo
1432 816 1505 863 una
1523 807 1601 863 ten·

277 914 370 985 dunt
386 914 584 1012 Ephesum,
602 913 664 986 ubi
681 940 782 987 suam
799 915 991 1014 Apollonio
1002 941 1164 1006 uxorem,
1178 940 1281 987 suam
1305 917 1432 987 Tarsiae
1456 930 1608 987 matrem

278 1040 431 1111 Artemis
449 1039 616 1111 servabat
636 1055 672 1111 et
687 1040 865 1112 tuebatur.

203 1175 206 1181 '
325 1162 464 1249 Quodsi
480 1164 517 1233 in
528 1163 586 1235 his
602 1163 772 1235 omnibus
791 1165 856 1235 Dei
880 1165 958 1235 Vivi
980 1163 1114 1259 fulgide
1129 1179 1278 1262 apparet
1292 1164 1487 1261 providens
1504 1165 1608 1235 mise-

279 1287 434 1359 ricordia
445 1341 455 1376 ,
467 1288 629 1384 ejusdem
643 1313 717 1359 non
732 1289 852 1359 minus
864 1288 1041 1383 justitiam
1057 1288 1242 1359 declarant
1251 1312 1326 1358 non
1342 1288 1453 1359 modo
1469 1288 1609 1360 coelitus

279 1413 486 1509 interempti
511 1411 708 1483 Antiochus
736 1427 772 1483 et
794 1411 881 1502 lilia,
902 1436 1060 1508 quorum
1078 1426 1307 1509 portentosos
1332 1412 1516 1509 amplexus
1535 1411 1608 1482 dis·

275 1534 539 1630 junxitfulmen
551 1534 722 1630 aciregit3
733 1535 913 1606 sedetiam
928 1535 1117 1631 Dionysias
1133 1549 1169 1605 et
1183 1536 1406 1630 Stronguli0,
1427 1535 1611 1633 lapidibus

172 1684 179 1695 ·
280 1658 403 1729 obruti
420 1658 575 1756 aplebe,
595 1674 632 1730 et
652 1659 831 1730 Lenonius
844 1658 942 1748 leno,
962 1658 1025 1755 qui
1035 1659 1137 1728 vivus
1153 1659 1239 1728 arsit
1253 1672 1288 1728 et
1306 1659 1523 1738 combustus
1543 1674 1608 1729 est.

330 1789 521 1878 Legentem
535 1807 657 1854 rursus
674 1809 747 1855 non
773 1782 1002 1854 mediocriter
1023 1783 1186 1879 juvabit,
1204 1784 1233 1852 si
1250 1783 1496 1871 Hellanicum‚
1521 1808 1611 1881 pau·
1721 1836 1725 1845 .

281 1907 469 2004 perculum
483 1908 582 1978 hunc
602 1910 830 2006 piscatorem,
847 1909 910 2004 qui
921 1906 1095 2002 naufrago
1120 1907 1295 2002 nudoque
1307 1907 1478 2001 injecerat
1503 1908 1612 2005 Apol-

281 2029 381 2100 lonio
399 2031 523 2102 lacerae
539 2030 636 2102 laenae
657 2057 729 2102 suae
756 2047 914 2130 partem,
935 2031 1064 2102 viderit
1082 2030 1269 2126 magnifice
1290 2031 1467 2102 donatum
1488 2055 1509 2102 a
1536 2057 1612 2102 sce-

282 2155 421 2252 ptucho
437 2171 561 2228 nostro
579 2156 678 2229 baud
693 2158 916 2246 immemori,
930 2158 988 2228 cui
1003 2156 1173 2254 deinceps
1183 2155 1393 2246 Antiochia,
1410 2162 1533 2253 Tyrus,
1546 2161 1614 2254 cy·

281 2302 440 2375 reneque
457 2296 662 2375 regnantur.

914 2544 980 2612 lV.

333 2783 550 2881 Respicienti
561 2797 682 2852 autem
695 2781 740 2852 ad
751 2781 925 2868 diversos,
942 2805 1009 2877 pro
1018 2782 1156 2851 ratione
1163 2795 1370 2877 temporum
1381 2805 1422 2850 ac
1433 2779 1611 2875 locorum,

282 2906 476 2978 hominum
496 2929 637 2995 mores,
653 2902 815 3002 proderit
830 2903 947 2974 obiter
970 2917 1114 2990 notare,
1139 2902 1239 2973 hunc
1257 2902 1356 3000 apud
1376 2902 1612 3000 Apollonium

284 3045 452 3101 nostrum
467 3054 552 3100 cum
574 3043 610 3099 et
626 3027 717 3115 alia,
735 3042 814 3098 tum
829 3051 908 3123 quae
923 3026 1019 3097 dicta
1036 3041 1121 3095 sunt
1142 3024 1187 3095 de
1208 3025 1460 3122 proficiscendi
1483 3025 1613 3113 literis,

282 3154 408 3249 gallice
424 3168 622 3250 passe-port
645 3176 707 3222 seu
732 3151 837 3246 conge
844 3179 858 3237 ;
874 3150 920 3221 de
936 3149 1107 3248 peculiari
1121 3150 1250 3219 vestitu
1267 3173 1376 3245 quem
1393 3151 1495 3244 quis,
1513 3151 1612 3219 Ario·

283 3276 556 3367 nisinmodum,
569 3275 757 3366 induebat,
775 3275 945 3372 tragicam
956 3276 1177 3347 comicanne
1192 3297 1383 3372 personam
1395 3288 1557 3362 acturus3
1572 3275 1616 3346 de

282 3402 510 3472 sublatorum
516 3403 553 3471 in
561 3425 706 3471 crucem
714 3424 901 3471 servorum
912 3399 1160 3497 dirumpendis
1168 3399 1335 3470 cruribus
1346 3426 1356 3486 3
1369 3398 1415 3471 de
1424 3400 1617 3498 praebenda

284 3523 456 3595 uxoribus
478 3547 499 3594 a
514 3525 600 3594 viris
614 3522 700 3593 dote
714 3576 723 3611 ,
750 3538 785 3593 et
809 3522 854 3593 de
867 3521 989 3593 multis
1007 3522 1083 3593 aliis
1099 3521 1207 3593 rebus
1222 3521 1260 3592 id
1275 3547 1405 3617 genus,
1425 3547 1515 3619 quas
1534 3525 1615 3594 lon·
1687 3515 1693 3524 ’

283 3648 361 3742 gius
376 3662 429 3718 est
443 3647 631 3718 recenseri.

332 3770 402 3843 Sed
425 3771 534 3841 finem
560 3770 703 3841 facienti
719 3769 824 3841 liceat
838 3771 927 3841 mihi
953 3772 1083 3840 iterum
1108 3794 1308 3842 asseverare
1327 3771 1427 3841 hunc
1448 3786 1617 3843 nostrum

286 3897 431 3966 Lutetiae
455 3895 749 3981 membraneum,
778 3892 828 3963 ob
854 3894 1025 3964 amissum
1048 3893 1182 3963 seilicet
1205 3908 1240 3963 et
1263 3894 1369 3991 plane
1388 3894 1617 3992 desperatum

285 4023 483 4113 rpuro'wror
512 4017 693 4115 Apollonii
728 4016 883 4125 librum,
920 4016 970 4087 ob
999 4015 1154 4087 deletam
1182 4018 1256 4087 imo
1291 4018 1453 4113 ejusdem
1482 4019 1519 4088 in
1538 4043 1617 4089 ver-

286 4163 345 4211 sus
364 4142 531 4239 politicos
558 4141 847 4230 translationem,
877 4139 1101 4237 paucissimis
1126 4154 1246 4210 tamen
1277 4140 1434 4238 exceptis
1453 4141 1616 4230 vocibus,

286 4289 365 4360 qua:
391 4265 530 4336 Cambii
554 4267 722 4336 nostratis
746 4267 782 4336 in
802 4265 1013 4360 glossarium
1034 4279 1207 4359 tanquam
1232 4265 1267 4334 in
1291 4279 1440 4362 portum
1465 4289 1618 4336 emerse-

288 4402 368 4458 rant
378 4441 387 4478 ,
397 4390 473 4486 jam
486 4389 768 4460 vetustissimum
793 4389 958 4460 omnium
974 4403 1010 4459 et
1018 4388 1100 4459 ideo
1116 4386 1331 4459 fidissimum
1346 4390 1519 4477 evasisse,
1539 4388 1620 4458 licet

287 4511 416 4606 quinto
432 4517 615 4610 Reparatae
636 4511 766 4583 Salutis
780 4510 910 4582 saeculo
930 4511 1167 4608 compositus,
1188 4526 1332 4607 quart0,
1359 4536 1433 4581 non
1451 4512 1564 4608 prius,
1585 4525 1620 4580 et

288 4633 451 4727 decimo,
464 4637 582 4707 latinis
599 4637 656 4708 his
670 4637 782 4707 literis
796 4660 875 4731 quae
891 4651 1102 4733 sequentur,
1124 4637 1169 4706 sit
1188 4636 1473 4708 commendatus.

339 4761 585 4848 Quamobrem
600 4788 673 4833 non
699 4761 833 4832 nullius
859 4761 935 4833 lore
965 4760 1127 4831 utilitatis
1155 4776 1320 4851 autumo,
1338 4763 1367 4830 si
1397 4759 1622 4832 emendatius

287 4879 361 4975 jam
375 4911 473 4958 nunc
496 4912 538 4958 ex
554 4887 679 4958 codice
697 4887 856 4957 Parisino
882 4885 1041 4975 editum,
1066 4884 1412 4981 Praesatiunculaque
1430 4898 1465 4954 et
1481 4885 1621 4955 Notulis
