3726 5692
869 331 985 391 ιιιιιιιι
1008 334 1060 392 ιιι.
1138 296 1141 303 ”
1740 355 1779 403 aa

146 455 242 531 τὸμὲν
262 459 368 536 πρῶτον
384 456 534 536 ἐπεχείρουν
545 458 671 536 ἀναιρεῖν,
687 457 734 515 οὐκ
749 457 859 534 εἰδότες,
875 463 910 525 ὡς
920 463 943 519 δ’

147 534 218 603 εἶδον
226 542 344 622 γυμνούς
351 543 397 602 καὶ
405 544 490 619 δεσμά
498 543 616 623 ἔχοντας,
626 545 815 615 ὑπονοήσαντες
824 546 871 617 τὴν
878 547 943 618 ἆλτ’,-

147 638 232 705 θειαν,
243 631 368 711 δέχονται
381 634 431 689 τῶν
444 633 532 690 ὅπλων
548 632 626 701 siem,
644 632 689 690 καί
702 633 743 689 ἐπ’
760 632 838 712 ούρδιν
851 658 941 714 παρα-

150 721 304 802 πέμψανπις
318 718 379 778 είων
394 720 548 799 ἡσυχάζειν.
592 718 638 780 Ἐν
653 719 736 800 τούτῳ
754 720 838 779 δὲκαὶ
854 725 941 789 ἱππεῖς

127 826 139 863 a
151 808 163 892 γ
175 808 305 887 πλείους]
321 807 494 889 προσέρρεον·
507 808 552 866 καὶ
564 807 622 866 inei
636 809 747 880 πλησίον
760 808 887 887 ἐγένοντο,
899 836 944 869 κα·

153 899 189 954 τὰ
203 894 280 975 κέρας
301 894 426 975 ἑκάτερον
441 895 600 961 έκτείναντες
620 894 668 966 τὴν
693 895 817 975 ράλαγγα
837 895 943 978 περιίπ-

154 1007 234 1043 πευον
251 982 346 1051 αύτούς
367 987 392 1041 ἐν
416 983 587 1063 κύκλῳ,καί
608 985 634 1041 έν
649 982 732 1064 τούτῳ
754 986 944 1063 συναγαγόντες

156 1069 246 1138 αύτούς
270 1074 307 1138 εἰς
324 1071 413 1148 ὀλίγον
434 1068 615 1151 κατεράνευον.
661 1069 715 1129 Καὶ
729 1074 753 1130 οἱ
774 1072 821 1149 μέν
844 1073 942 1134 ἔκειντο

156 1159 321 1234 τεθνηκότες,
343 1163 367 1220 σί
385 1160 413 1218 δὲ
436 1160 481 1218 καί
502 1164 641 1238 ἡμιθνῆτες
656 1159 811 1240 ἐμάχοντο·
833 1164 892 1231 τοὺς
916 1163 942 1223 δέ

130 1269 147 1308 io
155 1249 256 1318 laureis<
270 1248 436 1330 ἐζώγρησαν.

190 1339 243 1399 ΙΔ’.
258 1329 315 1396 'tls
327 1338 356 1396 δέ
369 1338 431 1417 περὶ
447 1335 562 1410 δειληνδ
583 1336 684 1418 καιρός·
702 1339 775 1396 καίδ
794 1342 939 1420 στρατηγὸς

152 1425 287 1487 tralatis
302 1430 381 1503 ἡμῶν
398 1428 518 1497 ἕκαστον,
540 1425 697 1483 ἐπυνθάνετο
713 1425 780 1492 τίνες
794 1425 883 1503 εἴημεν
898 1429 942 1487 καί

150 1519 207 1583 πῶς
218 1516 383 1597 ληρθείημεν
393 1538 400 1550 ·
412 1514 526 1591 διηγεῖτο
536 1513 558 1570 δ’
569 1514 647 1579 σίλλος
658 1513 723 1571 άλλο
734 1536 775 1587 τι,
787 1514 861 1591 κάγὼ
870 1515 943 1592 τάμδι

148 1594 237 1668 εἷπον.
250 1602 332 1663 Ἐπεὶ
345 1592 389 1659 σύν
400 1600 496 1659 ἅπαντ’
512 1600 618 1679 ἔμαθεν,
632 1601 766 1659 ἐκέλευσεν
780 1603 941 1679 ἀκολουθεῖν,

112 1720 128 1760 ις
145 1692 258 1759 abab&
265 1689 336 1749 ὅπλα
344 1690 436 1749 δώσειν
446 1689 586 1769 ὑπέσχετο.
630 1688 943 1771 Διεγνώκειγὰράναμεί-

140 1778 330 1859 ναςστρατιδιν
338 1781 454 1837 ἐπελθεῖν
464 1781 503 1859 τῷ
511 1778 619 1857 μεγάλῳ
628 1776 779 1857 λῃστηρίῳ·
792 1776 912 1854 ἐλέγοντο
920 1779 942 1835 δ’

141 1867 225 1947 ἅμρλ
240 1866 298 1933 τούς
314 1867 423 1946 μυρίους
437 1856 512 1925 εἶναι.
554 1863 628 1942 Ἐγὼ
643 1864 664 1922 δ’
677 1863 758 1922 ἵππον
773 1864 863 1942 ᾔτουν,
878 1865 943 1944 στρό-

141 1956 268 2040 δραγδρ
285 1956 358 2036 ᾔδειν
374 1954 494 2014 ἱππεύειν
515 1953 737 2033 γεγυμνασμένος.
782 1953 832 2020 Ὡς
852 1953 881 2012 δέ
906 1978 944 2019 τις

141 2048 255 2123 παρῆν,
268 2044 401 2124 περιάγων
416 2042 460 2100 τὸν
469 2041 550 2100 ἵππον
565 2040 755 2117 ἐπεδεικνύμην
769 2044 794 2098 ἐν
808 2043 898 2122 ῥυθμῷ
908 2041 941 2098 τδι

113 2138 216 2201 ιιτῶν
234 2130 413 2206 πολεμούντων
430 2131 576 2210 σχήματα,
593 2130 661 2189 ῶστε
676 2131 721 2188 καί
741 2128 784 2188 τὸν
798 2130 943 2210 στρατηγὸν

150 2220 258 2301 σφόδρα
267 2222 416 2281 ἐπαινέσαι.
459 2220 579 2277 Ποιεῑται
589 2219 622 2288 δή
632 2243 665 2295 με
676 2219 776 2288 ἐκείνην
786 2221 833 2289 τὴν
843 2219 944 2298 ἡμέραν

156 2310 332 2390 ὁμοτράπεζον
354 2307 401 2367 καλ
417 2306 492 2387 παρά
516 2307 546 2366 τὸ
573 2309 675 2366 δεῖπνον
695 2306 850 2365 ἐπυνθάνετο
872 2306 944 2384 τάμά

161 2398 213 2453 καὶ
228 2398 319 2457 braim
333 2396 417 2469 ἠλέει.
437 2395 585 2473 Συμπαθὴς
600 2396 627 2453 δέ
645 2418 701 2461 ποις
714 2397 748 2460 εἷς
760 2396 832 2453 ἔλεον
845 2395 943 2474 άνθρω·

168 2504 218 2551 tog
229 2484 349 2567 άκροατὴς
364 2483 509 2562 ἀλλοτρίων
527 2488 628 2560 κακῶν,
644 2482 690 2542 καί
707 2482 805 2549 δέλεος
817 2483 944 2550 πολλάκις

146 2570 249 2641 »φιλίαν
259 2573 382 2652 προξενεῖ.
425 2570 459 2632 Ἦ
479 2568 531 2651 γάρ
546 2570 618 2652 ιρυχθΙ
640 2573 808 2650 μαλαχθεῖσα
820 2571 884 2651 πρὸς
895 2571 942 2642 τὴν

180 2644 307 2731 tantaene
323 2661 420 2734 λύπην,
442 2661 639 2719 συνδιατεθεῖσοι
651 2660 720 2719 κατὰ
741 2660 879 2740 μικρδντῇ
899 2665 944 2718 τοῦ

106 2768 113 2779 ·
185 2744 256 2816 πίθοις
267 2749 390 2831 ἀκροάσει
405 2748 450 2808 τδν
468 2739 553 2808 οἶκτον
570 2750 605 2816 είς
622 2749 711 2829 φιλίαν
734 2749 779 2806 καί
794 2748 842 2820 τὴν
858 2748 944 2820 λύπην

189 2830 254 2898 tigris
265 2837 334 2898 έλεον
353 2838 484 2916 συλλέγει.
527 2835 621 2901 Οὕτως
633 2827 676 2895 σύν
689 2836 798 2906 διέθηκα
808 2837 852 2895 τδν
867 2861 943 2918 στρα·

188 2922 242 2999 *ntia
259 2928 286 2985 ἐκ
305 2930 352 2998 τῆς
374 2926 540 3005 ἀκροάσεως,
563 2929 597 2992 ὡς
615 2926 661 2984 καί
684 2925 761 2983 αῦτδν
786 2927 821 3006 εἰς
844 2925 944 3005 δάκρυα

161 3020 327 3092 Hyampeia·
348 3013 429 3072 πλέον
449 3013 476 3070 δὲ
490 3014 572 3072 ποιεῖν
594 3013 700 3093 εἴχομεν
719 3010 803 3090 οὐδέν,
817 3018 864 3084 τῆς
879 3019 945 3072 Λευ-

186 3095 258 3171 ῑίεπης
269 3102 376 3163 ύπδτῶν
387 3104 492 3181 λῃστῶν
504 3101 640 3180 ἐχομένης.
683 3099 789 3161 Ἔδωκε
799 3101 827 3160 δέ
841 3124 885 3178 μοι
898 3103 944 3160 καὶ

185 3186 303 3265 θράποντα
317 3192 361 3249 τὀν
374 3190 598 3267 ἐπιμελησόμενον
614 3188 766 3267 Αἰγύπτιον.

210 3277 258 3337 lE'.
269 3282 310 3359 Τῇ
325 3282 348 3337 δ’
363 3279 488 3359 ύστεροιίογ
503 3278 566 3359 πρὸς
580 3277 628 3350 τὴν
643 3278 765 3336 διάύασιν
778 3278 944 3358 παρεσκευά-

179 3366 225 3431 ζετο
236 3368 274 3425 καὶ
287 3367 417 3448 ἐπιχείρει
429 3365 477 3437 τὴν
489 3365 606 3446 διώρυχα
624 3370 728 3445 χῶσαι,
748 3365 805 3437 ἥτις
818 3359 852 3440 ἦν
863 3369 945 3441 έμπο·

137 3468 165 3511 Ι
177 3450 228 3511 δάν.
264 3456 316 3517 ital
338 3454 389 3534 γάρ
411 3458 533 3534 ἑωρῶμεν
552 3453 610 3521 τοὺς
621 3454 720 3533 λῃστὰς
735 3454 802 3531 μετὰ
820 3455 945 3527 πλείστης

174 3540 290 3618 δυνάμεως
309 3544 352 3604 ixl
374 3543 471 3623 θάτερα
494 3549 540 3615 τῆς
558 3543 684 3628 διάιρυχος
707 3548 821 3610 ἑστῶτας
840 3546 866 3601 έν
891 3553 945 3610 τοῖς

172 3628 263 3697 ὅπλοις·
276 3632 363 3713 βωμὸς
375 3631 403 3690 δέ
415 3656 454 3698 τις
467 3633 556 3699 αὐτοῖς
573 3635 740 3712 αὐτοσχέδιος
751 3625 783 3704 ἦν
796 3635 880 3702 πηλοῦ
894 3657 944 3690 πε-

171 3718 298 3793 ποιημένος
316 3722 362 3780 καὶ
377 3720 452 3801 σορδς
466 3726 512 3780 τοῦ
528 3726 619 3800 βωμοῦ
631 3722 751 3793 πλησίον.
794 3718 899 3797 Ἄγουσι
912 3720 943 3791 δή

168 3830 232 3875 τινες
242 3808 283 3868 δύο
295 3808 342 3881 τλν
356 3809 447 3889 κόρην,
459 3808 544 3868 ὀπίσω
556 3808 594 3868 τὼ
609 3810 682 3889 χεῖρε
696 3809 845 3885 δεδεμένην.
890 3809 944 3868 ital

120 3922 154 3964 us
166 3894 255 3963 αύτούς
266 3896 312 3975 μίν
321 3897 422 3964 οἵτινες
433 3888 500 3967 ἦσαν
509 3898 556 3955 οὐκ
568 3887 653 3974 εἶδον,
668 3888 735 3969 ἦσαν
748 3897 798 3976 γάρ
811 3895 943 3972 ύιπλισμέ·

165 4010 220 4063 τοι,
235 3986 278 4053 τὴν
292 3988 318 4047 δὲ
332 3988 411 4068 κόρην
427 3986 584 4059 Λευκίππην
600 3977 678 4044 οὖσαν
694 3986 832 4065 ἐγνώρισα.
876 3975 943 4044 Είτα

164 4074 289 4147 αατᾶτῆς
309 4077 426 4157 κεραλῆς
450 4074 564 4145 σπονδὴν
583 4073 769 4155 περιχέαντες,
790 4073 944 4152 περιάγουσι

162 4162 207 4221 τδν
223 4164 305 4241 βνιμδν
319 4165 410 4245 κύκλῳ
429 4163 474 4222 καὶ
493 4162 602 4235 ἐπηύλει
623 4186 661 4228 τις
675 4165 741 4242 αὐτῇ
757 4161 802 4220 καὶ
818 4166 831 4218 θ
850 4161 942 4241 ἱερεύς,

161 4256 196 4319 riae
215 4254 294 4326 εἰκὸς,
306 4245 366 4333 ᾖδεν
381 4252 452 4335 ᾠδὴν
479 4250 641 4330 Αἰγυπτίαν,
667 4250 697 4309 τδ
711 4252 763 4330 γὰρ
783 4255 876 4329 σχῆμα
898 4257 944 4309 τοῦ

117 4356 153 4397 ⁸⁵
162 4340 305 4417 στόματος,
325 4339 439 4399 καὶτῶν
459 4341 607 4420 προσώπων
629 4338 659 4396 τδ
674 4340 868 4414 διειλκυσμένον
881 4337 946 4395 ὑπέ-

162 4450 251 4508 qnam
270 4428 351 4509 ᾠδήν.
395 4419 452 4488 Εἶτ’
473 4428 525 4486 dxi
540 4426 703 4504 συνθήματος
717 4426 813 4492 πάντες
835 4429 945 4505 ἀναχω-

161 4522 238 4597 ροῦσι
253 4522 297 4576 τοῦ
310 4523 401 4596 βωμοῦ
417 4517 538 4596 μακράν·
556 4520 607 4574 τῶν
627 4516 653 4574 δέ
678 4515 820 4573 νεανίσκων
835 4520 848 4572 δ
861 4516 946 4594 ἕτερος

159 4604 300 4673 α’νακλίνας
313 4606 395 4677 αὐτὴν
409 4606 517 4682 ύπτίαν,
530 4604 621 4675 ἔδησεν
638 4606 669 4661 ἐκ
681 4604 824 4661 παττάλων
841 4603 885 4660 ἐπὶ
899 4627 945 4674 της

158 4698 206 4769 γῆς
238 4692 436 4773 έρηρεισμένων,
462 4683 515 4752 οἷον
533 4696 649 4750 ποιοῦσιν
672 4695 695 4750 οἱ
723 4690 880 4770 κοροπλάθοι
902 4715 945 4749 τον

116 4778 290 4863 ”Napaios
302 4783 331 4841 ίκ
345 4787 392 4840 τοῦ
410 4786 490 4862 φυτοῦ
513 4779 661 4856 δεδεμένον
681 4771 737 4837 εἶτα
759 4777 848 4838 λαύὼν
877 4778 946 4862 ξίφος

158 4873 257 4951 ,δάπτει
270 4869 340 4930 κατὰ
361 4873 409 4941 τῆς
428 4869 536 4948 καρδίας
551 4867 597 4927 καί
619 4867 756 4935 διελκύσας
782 4868 812 4927 τὸ
827 4868 897 4948 {ipos
911 4870 946 4937 είς

155 4964 204 5035 τὴν
229 4961 302 5021 κάτω
322 4960 460 5041 γαστέρα,
480 4959 604 5040 ῥήγνυσι·
624 4957 657 5016 τδι
674 4958 815 5036 σπλάγχνα
839 4957 946 5025 dstote

154 5050 329 5127 έξιπήδησιν,
346 5050 431 5116 δταῖς
447 5048 538 5128 χερσίν
554 5045 735 5130 ἐξελκύσαντες
749 5045 893 5104 ἐπιτιθέασι
908 5051 945 5125 τῷ

156 5146 242 5225 βωμῷ
266 5142 313 5201 καὶ
334 5141 393 5201 ἐπεὶ
417 5138 541 5211 ὠπεήθη,
566 5137 756 5213 κατατεμόντες
778 5134 890 5202 ἅπαντες
911 5134 969 5202 εἷς’1

990 473 1098 522 tertreerc
1121 473 1264 522 voluerunt:
1277 475 1318 524 sed
1335 489 1411 537 quum
1435 481 1516 539 postea
1537 478 1616 528 nudos
1638 492 1667 528 ac
1685 481 1780 531 vinctos

989 587 1144 649 aspexissent,
1157 590 1252 650 cogaxita
1262 591 1371 650 veritate,
1389 591 1453 640 intra
1471 593 1566 642 ordines
1586 596 1709 657 susceptos
1722 600 1775 657 post

989 705 1126 751 extremum
1138 715 1234 765 agmen,
1247 703 1377 753 collocatos
1395 706 1517 767 quiescere
1533 707 1651 758 sinebant.
1686 712 1778 760 luteres

989 817 1181 875 superuenerunt
1189 814 1282 877 equites
1292 817 1316 865 et
1329 819 1458 879 postquam
1467 819 1707 881 appropinquassent,
1715 821 1778 871 acie·

988 942 1035 990 que
1048 929 1170 991 utrimque
1178 930 1254 979 etiosa
1263 931 1368 981 latrones
1379 934 1488 992 circuire,
1496 934 1520 982 iu
1530 938 1707 999 angustumque
1720 951 1777 989 coa·

989 1045 1041 1092 ctos
1051 1043 1171 1094 trucidare
1182 1048 1315 1107 ceperunt.
1349 1050 1385 1096 Ex
1395 1048 1483 1111 quibus
1491 1049 1532 1097 alii
1542 1051 1631 1099 mortui
1643 1053 1777 1114 procubue-

989 1150 1054 1208 runt,
1065 1148 1174 1198 nonnulli
1183 1150 1333 1200 semimortui
1343 1152 1424 1202 adlruc
1433 1153 1581 1216 pugnabant,
1593 1155 1699 1218 reliquos
1709 1159 1778 1208 siros

988 1258 1111 1317 ceperunt.

1020 1363 1083 1409 xlv.
1104 1363 1218 1410 ceterum
1231 1362 1347 1412 inclinato
1358 1365 1409 1424 jam
1419 1364 1459 1413 die
1470 1366 1574 1415 militurn
1584 1380 1668 1417 eorum
1680 1370 1776 1433 ductor,

989 1449 1187 1498 urrunrqoemque
1199 1439 1309 1486 nostrum
1326 1439 1464 1500 siugulatim
1477 1444 1500 1490 et
1516 1443 1675 1505 quiescemus
1689 1450 1714 1496 et
1728 1461 1779 1510 quo

988 1515 1058 1575 pacto
1071 1513 1095 1561 in
1106 1513 1246 1576 praedonum
1262 1528 1348 1565 manus
1360 1517 1537 1582 incidissemus,
1550 1522 1707 1581 interrogarit
1720 1539 1726 1572 :
1738 1526 1777 1574 cui

988 1587 1087 1648 quidem
1101 1589 1140 1637 alii
1150 1589 1205 1650 alia,
1217 1604 1260 1651 ego
1270 1605 1328 1642 vero
1338 1606 1393 1655 quae
1408 1594 1467 1644 mitri
1476 1604 1616 1659 evenerant,
1629 1613 1779 1653 commemo·

988 1660 1050 1708 rari.
1084 1664 1165 1723 arque
1181 1662 1234 1722 ille,
1247 1664 1289 1713 ubi
1305 1666 1387 1714 omnia
1399 1666 1510 1729 edidicit,
1525 1683 1551 1718 se
1569 1675 1597 1720 ut
1612 1686 1777 1736 sequeremur,

986 1742 1065 1801 jussit,
1080 1753 1194 1802 armaque
1211 1742 1280 1792 nobis
1295 1756 1321 1793 se
1331 1743 1489 1805 praebiturum
1502 1747 1621 1807 pollicitus
1633 1756 1669 1798 est
1681 1771 1687 1799 ι
1697 1751 1778 1804 decre·

988 1821 1056 1867 serat
1064 1817 1222 1879 enumquam
1231 1818 1336 1880 primunr
1349 1820 1434 1881 copias,
1445 1824 1677 1886 quasexspectabal,
1687 1828 1777 1880 adren-

988 1896 1088 1955 tassent,
1102 1905 1215 1955 magnaura
1226 1893 1361 1955 labonum,
1372 1895 1414 1957 qui
1432 1896 1463 1944 ad
1473 1896 1557 1946 decern
1568 1899 1643 1949 millia
1657 1914 1708 1951 esse
1720 1904 1779 1954 lere-

989 1971 1086 2029 bantur,
1104 1969 1285 2032 receptaculum
1299 1970 1404 2032 aggredi.
1437 1977 1473 2022 ne
1488 1975 1540 2022 turn
1557 1989 1601 2036 ego
1620 1990 1710 2039 equum
1726 1983 1778 2033 dari

989 2044 1047 2093 initii
1064 2047 1182 2108 poposci:
1206 2046 1231 2095 in
1243 2060 1272 2096 eo
1286 2048 1351 2097 enim
1373 2049 1454 2098 studio
1476 2063 1517 2099 mo
1534 2051 1606 2102 valde
1618 2057 1778 2108 exercitatum

988 2132 1039 2167 esse
1056 2120 1169 2169 sciebam.
1203 2121 1250 2177 Qui
1268 2121 1416 2183 simulatque
1433 2122 1552 2173 adductos
1570 2126 1631 2187 luit,
1642 2128 1712 2178 illum
1728 2133 1775 2181 cir·

989 2210 1119 2259 coinageus
1152 2198 1310 2260 pugnantium
1337 2198 1467 2248 ordinatim
1497 2202 1607 2263 equitum
1633 2209 1771 2269 exemptum

989 2273 1067 2333 edidi,
1086 2274 1132 2333 ita,
1153 2276 1180 2323 ut
1192 2287 1230 2322 me
1247 2274 1295 2322 dux
1311 2287 1454 2337 magnopere
1469 2277 1658 2329 commendaret.
1692 2285 1777 2346 ltaque

989 2350 1027 2398 dre
1043 2351 1084 2399 illo
1098 2351 1148 2399 suis
1163 2365 1177 2400 e
1197 2351 1306 2400 convivis
1318 2365 1393 2401 unum
1412 2365 1464 2402 esse
1478 2366 1517 2402 me
1541 2355 1618 2404 voluit
1636 2371 1642 2403 ε
1662 2360 1735 2420 atquo
1754 2362 1778 2410 in

989 2440 1058 2476 caena
1084 2441 1154 2478 casus
1172 2442 1238 2479 meos
1261 2431 1289 2478 ut
1309 2442 1458 2490 enarrarem,
1479 2432 1628 2493 postularit:
1644 2448 1700 2495 quae
1719 2436 1778 2488 dum

989 2504 1095 2564 audiret,
1116 2504 1278 2554 misericordia
1290 2506 1441 2556 movebatur.
1474 2510 1534 2556 l'ere
1552 2510 1617 2559 enim
1638 2511 1674 2573 fit,
1693 2516 1721 2563 ut
1735 2517 1778 2577 qui

989 2583 1066 2630 aliena
1079 2582 1142 2630 ruata
1155 2581 1237 2641 arrdit,
1255 2594 1304 2630 uua
1317 2581 1497 2644 quodammodo
1507 2585 1622 2648 patiatur,
1633 2588 1778 2640 benevolen-

989 2661 1048 2708 tiam
1059 2662 1140 2709 aotem
1153 2658 1315 2708 misericordia
1326 2673 1491 2721 sepenumero
1501 2663 1575 2724 gignit
1589 2683 1595 2712 ι
1608 2665 1704 2715 animus
1713 2670 1778 2720 enim

990 2751 1082 2795 eorum,
1097 2750 1157 2798 quos
1171 2735 1249 2797 audit,
1266 2749 1370 2785 rnoerore
1385 2735 1507 2798 delinitus,
1521 2738 1640 2790 malorum
1653 2743 1778 2797 auditione

990 2813 1125 2863 ineuudem
1141 2816 1190 2863 tere
1206 2826 1302 2862 sensum
1319 2816 1467 2875 pertractus,
1481 2815 1669 2868 misericordiam
1685 2822 1707 2870 in
1720 2825 1779 2873 asni-

989 2891 1069 2939 citiam
1083 2891 1235 2940 ettristitiam
1247 2890 1272 2938 in
1283 2889 1470 2938 inisericordiam
1481 2897 1624 2944 commutat.
1659 2900 1708 2957 Ego
1721 2912 1779 2949 voro

990 2967 1109 3014 narrando
1118 2965 1206 3014 ducem
1215 2978 1323 3026 eousque
1332 2967 1462 3027 commovi,
1474 2971 1500 3015 ut
1513 2967 1630 3030 lacrymas
1644 2975 1726 3021 tenere
1735 2988 1778 3025 ue·

990 3043 1101 3105 quiverit.
1135 3045 1195 3091 ttanr
1217 3042 1282 3103 quod
1299 3042 1403 3103 amplius
1421 3043 1534 3100 lacerem,
1554 3045 1611 3093 xiilxit
1626 3050 1686 3108 prat,
1702 3063 1778 3111 quum

991 3120 1110 3181 Leucippe
1119 3119 1144 3167 in
1158 3119 1279 3167 latronum
1292 3122 1409 3180 potestate
1421 3121 1583 3170 remansisset.
1617 3125 1691 3185 atqui
1703 3129 1777 3189 [ἑργ-

991 3198 1067 3257 ptium
1077 3195 1150 3245 etiam
1162 3208 1259 3243 serrum
1274 3195 1321 3244 mei
1333 3208 1418 3244 curam
1432 3196 1519 3245 trabere
1528 3197 1607 3258 jussit.

986 3336 989 3343 ,
1021 3289 1072 3337 xv,
1098 3284 1215 3334 Postridie
1234 3283 1264 3333 ad
1283 3285 1411 3334 transitum
1432 3298 1458 3334 se
1476 3288 1626 3347 compararit
1644 3291 1668 3339 et
1691 3290 1779 3339 tussam

990 3403 1045 3452 quac
1064 3387 1237 3451 impedimento
1249 3389 1300 3435 erat
1319 3384 1440 3446 oonrplere
1451 3399 1575 3449 aggressos
1590 3392 1646 3438 est:
1665 3403 1779 3453 magnum

989 3490 1077 3540 etenim
1088 3490 1210 3538 latronum
1219 3499 1347 3536 numerum
1355 3485 1380 3534 in
1390 3487 1521 3538 armisesse
1530 3489 1597 3538 trans
1613 3489 1699 3539 lessam
1712 3492 1777 3542 illam

990 3591 1153 3640 cernebamus
1189 3587 1779 3654 lieramquamdamelnto,juxtaquesepulcrum

989 3707 1019 3741 ex
1034 3695 1143 3754 tempore
1153 3691 1349 3740 construxerant.
1382 3693 1417 3738 nc
1429 3689 1474 3738 riri
1484 3689 1532 3738 duo
1543 3691 1655 3753 puellam,
1667 3693 1780 3743 manibus

990 3792 1148 3850 postterqum
1167 3787 1295 3846 revinctis,
1314 3800 1343 3836 eo
1361 3785 1524 3836 adduxerunt.
1558 3793 1624 3846 Quos
1635 3791 1709 3851 riros,
1723 3805 1779 3853 pro·

990 3887 1072 3946 pterea
1085 3881 1152 3946 qood
1168 3882 1242 3932 armis
1252 3881 1309 3932 tecti
1324 3884 1393 3931 eraut
1403 3881 1591 3944 haudquaquam
1603 3885 1704 3946 cognovi
1716 3901 1722 3933 :
1737 3887 1779 3936 sed

990 3979 1094 4041 puellam
1105 3976 1240 4038 Leucippen
1249 3976 1345 4036 agnoui.
1379 3975 1399 4024 li
1411 3989 1467 4037 ergo
1477 3978 1530 4024 tum
1541 3976 1613 4039 capiti
1625 3978 1677 4040 ejus
1686 3979 1780 4031 libami-

990 4097 1021 4132 na
1033 4080 1196 4139 infundentes,
1208 4080 1300 4128 circum
1314 4092 1382 4128 arani
1398 4080 1423 4127 iu
1436 4079 1521 4129 orbem
1534 4080 1600 4130 illam
1617 4081 1740 4133 duxerunt
1755 4088 1780 4133 et

992 4176 1137 4239 praecinebat
1149 4175 1237 4237 aliquis
1252 4175 1296 4236 ipsi
1307 4178 1331 4223 et
1347 4174 1457 4224 sacerdos
1475 4176 1575 4237 quidam
1592 4178 1726 4240 AEgyptius,
1745 4179 1779 4226 uti

990 4270 1119 4320 uerisimile
1137 4272 1203 4330 erat,
1224 4282 1320 4317 carmen
1342 4269 1459 4330 canebat,
1479 4272 1527 4319 oris
1545 4272 1635 4320 etenim
1659 4272 1733 4332 figura
1755 4274 1779 4319 et

991 4366 1073 4415 rullus
1084 4363 1194 4413 distortio
1204 4376 1290 4412 cauere
1297 4362 1365 4410 illum
1375 4363 1551 4415 subindieabat.
1586 4365 1711 4426 Deinceps,
1722 4365 1780 4413 dato

990 4472 1067 4531 signo,
1085 4467 1116 4516 ab
1137 4480 1179 4515 ara
1191 4480 1275 4516 omnes
1295 4466 1378 4528 procul
1399 4460 1540 4515 recessere(
1558 4471 1620 4517 Tum
1642 4466 1780 4515 adolescens

915 4608 932 4621 „
990 4566 1061 4627 atter,
1075 4565 1193 4613 reclinans
1207 4560 1300 4624 paxillis
1310 4563 1381 4609 terrae
1391 4560 1471 4609 insrxis
1482 4562 1590 4623 supinam
1605 4559 1779 4622 alligavitque

919 4691 924 4708 ι
991 4661 1096 4710 maxime
1108 4657 1180 4707 ruodo
1193 4655 1266 4731 'tiguli
1279 4657 1400 4717 Marsyam
1415 4655 1494 4703 arbori
1513 4654 1637 4714 alligatum
1652 4653 1779 4717 effingunt,

990 4756 1146 4818 gladiumque
1155 4752 1225 4813 juxta
1238 4749 1388 4800 corintiorum
1401 4748 1430 4797 ad
1445 4748 1493 4796 ima
1504 4748 1595 4797 ventris
1609 4761 1685 4811 usque
1694 4749 1778 4811 traxit,

990 4860 1025 4908 sic
1037 4860 1063 4907 ut
1082 4858 1174 4906 uiscera
1193 4855 1274 4904 omnia
1288 4853 1370 4902 statim
1381 4852 1522 4901 exsiluerint
1534 4874 1540 4902 :
1553 4866 1609 4914 quae
1624 4852 1657 4902 illi
1669 4853 1779 4902 manibus

991 4953 1147 5015 corripientes
1160 4951 1326 5013 imposuerunt
1349 4951 1544 5010 summotaque
1560 4948 1739 5007 dissecuerunt,
1755 4952 1779 4998 et

992 5053 1054 5100 inter
1063 5064 1089 5099 se
1100 5049 1181 5112 partiti
1191 5061 1275 5097 omnes
1286 5047 1441 5095 devorarunt.
1476 5048 1534 5094 llaec
1545 5046 1633 5095 milites
1645 5045 1779 5107 ductorque

992 5147 1132 5205 sementes,
1148 5143 1178 5192 ad
1193 5155 1277 5193 eorum
1290 5139 1482 5203 unumquodque
1501 5140 1591 5190 tactum
1602 5139 1778 5200 exclamarunt,
