3726 5692
72 371 75 380 .
163 334 218 384 uls
762 320 883 379 Lotllll
906 313 1180 376 PASTODALIUM

119 483 122 490 ·
157 454 282 526 εοθίουσι,
301 452 408 525 καὶτήν
424 458 487 511 ναῦν
502 451 669 510 ἀπολύουσιν.
714 443 790 517 Εἶδες
812 450 893 521 αὐτὴν
914 450 940 506 ἐν
986 454 1092 505 solvunt.
1125 457 1238 505 Tutemet
1258 456 1282 504 in
1302 456 1379 505 altum
1401 457 1538 518 provectam
1561 454 1653 514 vidisti,

155 542 323 622 τῇθολᾶοῑῃ
343 539 503 621 φερομένην,
523 539 611 597 πόσων
632 538 679 597 οἷον
701 540 799 614 Diffidet
820 541 940 616 ἅγνθῖἷννὶ
988 560 1073 620 putas,
1086 557 1155 607 bonis
1167 559 1387 621 relertamtquates
1397 560 1519 621 perierunt
1531 561 1621 608 vestem
1635 558 1656 621 [ι

158 630 212 692 Οἴα
225 630 272 706 μὲν
283 629 360 700 ἐσθής
370 630 520 687 ἀπολωλεν·
533 617 601 707 [οἶος
612 627 638 685 δέ
651 627 748 702 κόσμος
756 627 870 705 κυνῶν]
882 625 941 683 ὅσον
988 674 1046 709 num
1059 660 1189 724 ornatust]
1208 664 1298 724 quauta
1309 662 1401 723 argenti
1417 661 1498 722 copia!
1520 666 1594 720 Agros
1613 659 1656 708 hor

157 718 179 775 δ’
192 718 322 796 ἀργύριον.
364 715 433 781 Τοὺς
445 712 538 794 ἀγροὺς
551 711 583 770 ἀν’
594 738 632 779 τις
641 714 753 785 τούτους,
766 716 852 772 ἐκεῖνα
862 715 941 793 ἔχων,

131 805 298 875 οῶνήσαιτο.
342 804 408 862 ’Λνθ
423 795 460 861 ῶν
478 802 600 877 ἀξιοῦμεν
616 800 688 877 ἄγειν
703 808 809 877 τοῦτον,
829 801 942 879 πονηρὸν

156 892 218 952 όντα
234 891 352 962 αἰπόλον,
369 890 395 958 ὃς
410 892 453 950 ἐπὶ
468 895 513 961 τῆς
528 892 660 961 θαλάττης
673 888 746 966 νέμει
760 889 806 957 τὰς
819 881 896 966 αἶγας
907 894 942 957 ὡς

156 980 261 1050 ναύτης.
287 1007 298 1028 ν

198 1071 242 1144 Ιίζ
244 1068 262 1125 ’.
278 1071 404 1128 Τοσαῦτα
417 1069 440 1126 οἱ
452 1069 621 1142 Μηθυμναῖοι
631 1065 827 1144 κατηγόρησαν.
871 1062 941 1123 ‘Odi
1018 1072 1082 1120 xvi.
1094 1071 1158 1121 Talis
1168 1070 1385 1132 Methymnaeorum
1394 1072 1574 1121 luitaccusatio.
1607 1075 1656 1133 Dap

158 1156 255 1236 Δάφνις
268 1156 377 1214 διέκειτο
393 1154 440 1231 μὲν
451 1158 538 1220 κακῶς
553 1154 604 1211 ὑπὸ
615 1157 666 1211 τῶν
678 1155 800 1230 πληγῶν,
816 1151 907 1224 Χλόην
920 1153 942 1209 δΙ
987 1162 1037 1218 ῖιο,
1054 1160 1164 1221 quamvis
1182 1160 1323 1209 verberibus
1337 1161 1400 1209 mate
1419 1164 1481 1209 esset
1500 1160 1616 1220 allectus,
1637 1161 1656 1208 u'

120 1266 144 1304 ιο
158 1248 225 1324 δρῶν
247 1250 402 1325 παροῦσαν,
425 1244 529 1301 πάντων
550 1242 716 1322 κατεφρόνει,
736 1241 781 1299 καὶ
795 1231 841 1299 ὧδ’
856 1231 939 1299 εἶπεν
988 1247 1077 1297 chloan
1086 1250 1228 1309 praesentem
1240 1249 1378 1310 conspexit,
1388 1249 1469 1296 omnia
1479 1261 1568 1311 susque
1578 1248 1656 1311 deque

157 1360 170 1388 a
194 1332 267 1411 Ἐγὼ
283 1332 353 1406 νέμω
371 1329 418 1404 τδις
434 1321 509 1408 αἶγας
523 1332 620 1395 καλῶς.
663 1328 792 1390 Οὐδέποτ’
813 1329 943 1408 ᾐτιάσατο
965 1328 967 1347 “
988 1338 1060 1398 atque
1071 1336 1103 1384 ita
1115 1337 1212 1386 locutus
1220 1340 1272 1386 est:
1285 1339 1333 1398 Ego
1340 1336 1438 1398 quidem
1449 1340 1513 1386 vecte
1523 1349 1589 1386 meas
1599 1350 1656 1399 paso

158 1421 284 1497 κωμήτης
302 1419 360 1478 οὐδί
374 1411 425 1497 εἶς,
443 1417 506 1490 ῶςῆ
522 1418 606 1490 κῆπόν
624 1440 692 1485 τινος
706 1415 748 1486 αἲξ
762 1415 814 1495 ἐμὴ
829 1418 941 1476 κατεόο-
988 1437 1065 1487 neque
1087 1437 1193 1488 uuquam
1213 1425 1349 1474 vicinorum
1363 1426 1402 1474 rel
1419 1438 1483 1474 unus
1496 1425 1637 1475 criminatus

160 1509 277 1580 σκήσατο
293 1509 310 1581 ἢ
324 1509 441 1585 ἄμπελον
455 1506 657 1587 βλαστάνουσαν
676 1506 853 1566 κατέκλασεν·
872 1500 942 1565 οὗτοι
987 1511 1053 1574 quod
1067 1525 1140 1575 capra
1154 1513 1191 1562 vet
1203 1513 1329 1575 cujusdam
1342 1515 1440 1563 hortum
1455 1513 1593 1576 depaverit,
1606 1515 1655 1564 vite

159 1598 181 1657 δ’
199 1598 249 1657 sict
263 1598 401 1675 κυνηγέται
412 1586 526 1674 ’πονηροὶ
539 1595 584 1655 καὶ
598 1595 677 1662 κύνας
689 1594 778 1674 έχουσι
792 1599 880 1662 κακῶς
895 1618 941 1653 πε·
988 1600 1118 1651 minantem
1131 1602 1280 1664 confregerit.
1315 1602 1356 1651 tsti
1369 1605 1452 1652 autem
1464 1605 1522 1651 sunt
1532 1605 1655 1652 venatores

120 1705 145 1745 ιο
159 1685 356 1764 παιδευμέναυς,
368 1684 459 1751 οἵτινες
470 1683 607 1766 τρέχοντες
618 1682 704 1743 πολλὰ
717 1684 762 1742 καλ
774 1686 942 1751 ὑλακτοῦντες
987 1690 1098 1752 maleque
1109 1691 1230 1741 institutos
1242 1704 1313 1740 canes
1321 1692 1424 1753 habeut,
1434 1693 1476 1754 qui
1490 1705 1562 1741 cursu
1570 1693 1653 1754 rapido

159 1774 271 1854 σκληρά,
286 1773 444 1843 κατεδίωξαν
457 1774 537 1839 αθτδις
548 1776 637 1832 ἐκτῶν
651 1775 717 1852 δρῶν
728 1773 773 1831 καί
785 1775 837 1830 τῶν
847 1772 941 1830 πεδίων
988 1779 1077 1829 latratu
1087 1780 1190 1843 capellas
1203 1793 1233 1830 ex
1244 1780 1367 1829 montibus
1380 1782 1405 1830 et
1415 1780 1506 1841 campis
1517 1781 1548 1830 ad
1560 1793 1627 1830 mare
1639 1795 1654 1828 u

159 1863 202 1921 ἐπὶ
216 1863 264 1934 τήν
279 1865 422 1935 θάλατταν,
436 1863 526 1943 ὥσπερ
536 1861 620 1921 λύκοι.
665 1861 734 1921 Ἀλλ’
750 1859 942 1942 άπέφαγοντήν
986 1880 1057 1918 secus
1066 1881 1095 1917 ac
1104 1868 1154 1931 tupi
1163 1869 1355 1931 exagitaverunt.
1388 1868 1656 1930 Atvero,dices,vinrer

159 1949 255 2026 λόγον·
282 1952 310 2008 οὐ
331 1951 382 2029 γὰρ
404 1941 475 2028 εἶχον
493 1953 520 2008 έν
542 1952 645 2029 ψάμμῳ
661 1950 729 2008 πόαν
749 1947 766 2019 ἢ
788 1947 942 2029 κόμαρονή
987 1959 1056 2006 suutl
1090 1959 1143 2007 lion
1157 1957 1221 2006 euim
1235 1958 1656 2017 tuareuatrarbam,velarhutum,

159 2036 252 2112 θύμον.
296 2037 365 2098 Ἀλλ’
379 2038 528 2107 ἀπώλετυή
543 2041 605 2103 ναῦς
616 2037 667 2095 ὑπὸ
679 2043 725 2095 τοῦ
737 2037 884 2113 πνεύματος
897 2037 942 2095 καὶ
988 2059 1055 2095 mrim
1069 2046 1197 2097 habebant.
1231 2048 1262 2096 m
1279 2047 1357 2108 enim,
1381 2061 1475 2110 perges,
1493 2048 1597 2096 narisvi
1621 2061 1656 2096 ver

119 2131 205 2198 υυτῆς
227 2126 365 2196 θαλάττης.
408 2130 501 2184 Ὶάῦτα
522 2128 667 2205 χειμῶνος,
687 2127 735 2184 οὐκ
755 2128 850 2203 αἰγῶν,
873 2125 942 2183 ἔστιν
989 2134 1152 2198 marlsperiitt
1167 2136 1219 2184 lloe
1232 2139 1268 2184 est
1281 2136 1444 2198 tempestatis,
1457 2138 1597 2185 nouantem
1617 2149 1656 2198 cap

159 2213 234 2294 ἔργα.
277 2212 347 2271 Ἀλλ’
372 2213 447 2283 ἐσθὴς
468 2212 579 2272 ἐνέκειτο
599 2213 645 2271 καί
669 2212 788 2294 ἄργυρος.
833 2213 886 2274 Καὶ
906 2214 943 2278 τίς
988 2221 1086 2272 culmen.
1121 2222 1165 2272 Sed
1181 2223 1321 2272 vestimenta
1331 2227 1355 2272 et
1368 2227 1493 2285 argentum
1509 2226 1563 2272 navi
1576 2225 1656 2273 contin

158 2299 293 2359 πιστεύσει
303 2306 361 2357 νοῦν
372 2300 450 2380 ἔχων,
463 2301 502 2360 ότι
512 2307 628 2360 τοσαῦτα
639 2301 753 2382 φέρουσα
761 2307 831 2374 ναῦς,
842 2310 942 2377 πεῖσμα
989 2309 1080 2371 thuis
1091 2309 1187 2370 credat,
1197 2311 1217 2360 st
1229 2311 1301 2359 modo
1310 2312 1399 2372 sapiat,
1410 2324 1496 2359 navem
1508 2314 1655 2361 tantarumo

159 2379 214 2467 εἶχε
228 2386 322 2464 λόγους
341 2418 353 2439 ν
988 2396 1072 2446 tricem
1083 2410 1128 2460 pro
1137 2397 1238 2447 rudente
1249 2399 1330 2447 vimen
1341 2399 1469 2447 tribuisse?

199 2476 257 2535 lz'.
281 2475 390 2543 Τούτοις
404 2475 578 2556 ἐπεδάκρυσεν
593 2479 607 2534 δ
625 2476 722 2556 Δάφνις
739 2479 784 2535 καὶ
804 2480 839 2544 εἰς
858 2468 944 2567 οἶκτον
1018 2488 1092 2537 xvh.
1106 2486 1148 2535 llis
1161 2485 1231 2534 dictis
1239 2485 1385 2534 illacrimans
1394 2487 1513 2548 Daphnis,
1526 2488 1624 2536 omnino
1633 2490 1656 2538 in

120 2584 146 2623 2ο
160 2563 311 2643 ὑπηγάγετο
329 2566 388 2632 τοὺς
402 2564 537 2645 ἀγροίκους
550 2564 646 2623 πολύν·
662 2564 724 2624 ὥσθ’
741 2570 755 2623 ὁ
770 2568 909 2636 Φιλητᾶς,
930 2572 943 2625 ὃ
988 2584 1220 2634 commiserationem
1232 2584 1334 2634 rusticos
1345 2584 1462 2646 adduxit3
1475 2586 1535 2635 adeo
1548 2590 1575 2635 ut
1588 2588 1654 2637 Phile

161 2652 305 2728 &nitidis
327 2650 415 2728 ὤμνυε
434 2655 512 2712 Πᾶνα
531 2652 576 2710 καὶ
591 2651 720 2732 Napeae,
743 2653 826 2730 μηδὲν
846 2654 943 2711 ἀδικεῖν
985 2681 1090 2743 iurando
1103 2684 1277 2732 contestaretur
1291 2686 1379 2732 Panem
1391 2687 1415 2731 el
1427 2684 1562 2745 Nymphas,
1575 2685 1633 2732 nihil
1647 2699 1656 2732 ι

160 2740 279 2820 Δάφνιν,
299 2741 367 2799 ἀλλά
384 2741 451 2815 μηδὲ
468 2739 514 2808 τάς
535 2731 623 2819 αἶγας·
641 2741 689 2811 τήν
706 2741 733 2799 δέ
750 2743 882 2800 θάλατταν
899 2741 944 2799 καὶ

160 2828 203 2887 τὸν
220 2828 325 2905 άνεμον,
339 2819 375 2887 ῶν
389 2827 484 2896 ἄλλους
497 2819 563 2886 εἶναι
578 2829 713 2896 δικαστάς.
755 2834 848 2890 Ταῦτα
860 2829 943 2909 λέγων

160 2917 207 2975 οὐκ
219 2915 305 2974 ἔπειθε
320 2918 444 2989 Φιλητᾶς
456 2916 514 2982 τοὺς
528 2917 726 2994 Μηθυμναίους,
742 2920 801 2976 ἀλλ’
813 2919 857 2977 ὑπ’
866 2921 944 2999 ἀργῆς
988 2974 1090 3024 dicendo
1106 2974 1212 3024 Philetas
1228 2975 1294 3024 Mem
1377 2976 1382 2985 ,
1571 2976 1602 3022 ,γ’
1654 2976 1656 2982 ⁴

120 3026 147 3065 ao
160 3004 324 3083 ὁρμήσαντες
335 2997 397 3084 ήγον
410 3005 488 3064 πάλιν
499 3003 543 3063 τόν
554 3004 662 3082 Δάφνιν,
675 3006 719 3064 καὶ
732 3008 832 3065 συνδεῖν
842 3007 943 3079 ήθελον.
1296 2987 1395 3036 5¹⁰⁰aess
1411 2988 1458 3023 non
1471 2987 1576 3037 penum
1596 3013 1602 3037 '
1622 2990 1656 3024 se(

160 3089 284 3152 ’Eleate’
305 3095 329 3151 οἱ
344 3098 467 3169 κωμῆται
480 3093 664 3172 ταραχθέντες,
680 3095 841 3164 ἐπιπηδῶσιν
858 3096 944 3161 αὐτοῖς
989 3072 1151 3134 proefflentffl’
1168 3073 1254 3122 iterum
1277 3073 1397 3134 D³p¹¹¹¹im
1420 3073 1557 3135 mpiemm’
1571 3074 1597 3122 et
1617 3086 1656 3123 ⁰⁰¹

917 3183 923 3199 ν
989 3166 1109 3216 volebant.
1144 3167 1179 3217 lbi
1193 3167 1271 3215 vicani
1285 3166 1400 3215 commoti
1410 3166 1434 3213 iu
1447 3166 1510 3227 ipsos
1519 3179 1568 3215 uon
1581 3167 1652 3217 aliter

158 3180 221 3239 hoel
235 3184 316 3261 ψᾶρες
326 3180 371 3240 καὶ
388 3179 497 3239 κολοιοί·
513 3181 557 3238 καὶ
572 3181 641 3261 ταχὺ
655 3182 703 3258 μὲν
715 3184 886 3263 ἀφαιροῦνται
900 3206 944 3240 τον

159 3266 259 3349 ΜΨ,
284 3269 335 3340 ἤδη
359 3268 403 3327 κη’,
428 3267 505 3325 αὐτὸ,
529 3269 697 3347 palmo,
723 3269 792 3348 llll
813 3270 840 3328 δὲ
863 3270 944 3338 φύγω,
988 3258 1657 3322 graculiqueimpetumlecerunt,equevestipioeripuere

159 3357 291 3430 παίοντες,
309 3357 421 3422 ἐκείνους
435 3357 470 3422 εἰς
487 3354 571 3434 φυγὴν
584 3355 738 3440 έτρέθαντο·
753 3337 905 3430 ἀπέστησαν
920 3361 942 3415 δ’
988 3352 1037 3401 ssim
1048 3351 1099 3411 l'flm
1119 3352 1144 3400 νῑ
1162 3351 1240 3412 ἱῖνθννῐῐ1
1252 3365 1338 3400 ονοννν
1355 3357 1533 3415 millesendem»
1543 3358 1569 3404 θῑ
1581 3368 1652 3416 ΓΘῖνννν

120 3468 146 3506 aa
160 3446 189 3504 οὐ
201 3446 336 3525 πρότερον,
353 3445 411 3502 έστε
423 3448 474 3502 τῶν
484 3445 550 3523 ὅρων
566 3446 659 3510 αὐτοὺς
672 3443 801 3515 ἐξήλασαν
814 3447 839 3510 ές
851 3445 944 3511 ἀλλους
989 3457 1029 3493 ⁰0⁸
1042 3444 1183 3503 ίνοοθοῑθθν
1199 3448 1265 3507 tetta
1276 3451 1369 3495 νοοῑονο
1383 3449 1520 3509 οοθὲοουοί.
1552 3451 1637 3512 Neque

160 3534 263 3613 ἀγρούς.
988 3539 1109 3601 stiterunt,
1117 3552 1191 3601 quam
1202 3539 1276 3587 iltose
1285 3540 1431 3589 suisiinibus
1439 3543 1462 3590 in
1476 3542 1535 3591 alios
1544 3556 1612 3604 agros
1623 3556 1656 3605 en¹

202 3621 261 3679 lll'.
282 3619 436 3680 Διωκόντων
457 3617 489 3689 δή
504 3617 563 3683 τοὺς
583 3617 771 3694 Μηθυμναίους
788 3617 907 3695 gestitet,
927 3625 943 3690 ἠ
1020 3634 1108 3682 livill.
1130 3634 1194 3681 Dum
1212 3635 1293 3681 aretem
1306 3633 1339 3682 illi
1353 3634 1526 3695 Methymnaeae
1538 3636 1572 3684 sic
1590 3623 1656 3697 perse

161 3708 237 3779 Χλόη
253 3707 322 3765 κατὰ
335 3706 436 3777 πολλὴν
447 3705 560 3785 ἡσυχίαν
570 3705 628 3783 ἀγει
643 3705 706 3785 πρὸς
718 3705 764 3774 τθς
775 3706 889 3788 Νύμφας
900 3709 943 3767 τὀν
990 3719 1084 3768 interim
1096 3718 1172 3769 Chloe
1184 3720 1276 3782 placide
1286 3721 1405 3782 Daphnim
1421 3723 1452 3770 ad
1466 3724 1590 3785 Nymphas
1599 3723 1656 3773 dedi

160 3797 260 3878 Δάφνιν
279 3797 324 3855 καὶ
339 3795 476 3854 ἀπονίπτει
495 3795 568 3854 τετὸ
584 3793 724 3872 πρόσωπον
743 3796 895 3875 ᾑμαγμένον
915 3799 945 3856 ἐκ
989 3822 1036 3869 que
1048 3809 1132 3858 taciem
1146 3809 1261 3871 sanguine
1280 3808 1416 3871 adspersam
1432 3811 1496 3872 quod
1516 3824 1586 3860 nares
1605 3812 1653 3861 ictu

119 3904 147 3946 ιο
160 3887 211 3943 τῶν
226 3888 301 3965 ρινῶν
315 3886 442 3964 ῥαγεισῶν
457 3882 508 3942 θπδ
521 3884 625 3961 πληγῆς
638 3906 714 3956 τινος,
727 3879 785 3942 1καῖιι
799 3888 845 3955 τῆς
859 3885 945 3965 πήρας
989 3902 1067 3946 essem
1081 3901 1188 3947 contusae
1198 3898 1289 3960 abluit,
1303 3902 1399 3961 atquae
1413 3913 1468 3961 pera
1479 3900 1656 3962 depromlamll

160 3975 346 4053 προκομίσασα
356 3971 464 4046 ζυμίτου
474 3970 606 4050 μέροςκαὶ
616 3977 693 4051 τυροῦ
703 3972 798 4050 τμῆμά
810 3996 844 4045 τι,
855 3974 944 4032 δίδωσι
989 3986 1056 4049 panis
1066 3987 1207 4048 particulam
1221 3987 1332 4049 meatque
1346 3988 1475 4037 frustulum
1485 3988 1527 4038 dat
1539 3990 1572 4038 illi
1587 4004 1656 4040 come

160 4068 269 4141 φαγεῖν,
289 4060 319 4119 τό
336 4083 365 4119 τε
380 4058 489 4136 μάλιστ’
504 4060 716 4137 ἀνακτησάμενον
732 4060 819 4133 αὐτὸν,
841 4062 944 4141 φίλημα
989 4079 1013 4124 et
1026 4074 1090 4136 quod
1103 4088 1158 4125 euru
1173 4076 1281 4139 inprimis
1293 4079 1455 4126 recreaturum
1475 4081 1541 4139 erat,
1556 4079 1656 4128 rneltilur

161 4149 268 4230 ἐφίλησε
285 4150 426 4226 μελιτῶδες
441 4149 553 4216 ἁπαλοῖς
564 4156 619 4214 τοῖς
632 4149 743 4227 χειλεσι.
990 4164 1080 4214 tabellis
1089 4166 1199 4213 osculum
1215 4166 1235 4213 ei
1247 4164 1333 4215 infinit.

201 4238 260 4300 10¹.
280 4237 349 4297 Τότε
368 4237 415 4314 μὲν
432 4236 463 4308 δή
479 4236 553 4317 παρὰ
567 4243 688 4296 τοσοῦτον
706 4236 804 4318 Δάφνις
818 4228 880 4310 ήλθε
895 4263 945 4296 κα·
1020 4255 1084 4301 xlx.
1096 4252 1228 4302 Tantittum
1241 4254 1337 4316 quidem
1353 4257 1411 4304 tunc
1426 4255 1515 4314 ahlnit,
1532 4256 1566 4304 uti
1581 4270 1611 4305 ne
1627 4271 1656 4305 m:

120 4345 146 4385 ω
161 4333 218 4388 κοῦ.
265 4325 305 4388 Τθ
326 4326 353 4385 δὲ
373 4334 483 4407 πρᾶγμα
503 4327 531 4384 αὖ
552 4325 635 4405 ταύτῃ
655 4327 794 4404 πέπαυτο,
817 4328 875 4385 ἀλλ’
895 4328 945 4386 lll-
989 4330 1056 4379 tenio
1066 4331 1172 4392 Daphnis
1181 4335 1382 4381 mactareturzat
1393 4346 1451 4381 vero
1462 4333 1515 4382 linis
1527 4334 1583 4383 huic
1595 4349 1655 4398 nego

161 4416 246 4483 θόντες
260 4418 284 4474 οἱ
296 4418 465 4491 Μηθυμναῖοι
480 4414 553 4492 μόλις
568 4417 603 4482 εἰς
615 4413 664 4486 τήν
678 4417 795 4487 ἑαυτῶν,
813 4417 944 4497 ὁδοιπόροι
988 4407 1046 4456 ‘³¹¹¹ss
1064 4407 1190 4470 ἱῖῐνῖνννίίῑνὃ
1208 4413 1273 4469 νῐοῑὶ
1286 4423 1343 4458 οοον
1356 4412 1511 4473 ΜνῑΙνννοοοοὶ
1530 4426 1616 4476 magna
1637 4415 1656 4463 d}

161 4503 208 4578 μγ,
225 4502 283 4562 M
297 4506 408 4576 κυῶ,
422 4502 582 4583 ,pamm
597 4505 619 4562 δι
636 4503 694 4561 ἀντι,
711 4504 881 4584 ,ρυφὼ,τω,,
902 4509 943 4564 ἐκ,
988 4484 1088 4535 domum
1099 4499 1183 4545 suam,
1200 4486 1303 4536 viatores
1312 4487 1426 4536 nimirum
1437 4503 1479 4550 pro
1494 4491 1587 4549 nautis,
1600 4495 1624 4541 et
1634 4507 1656 4541 sa

160 4593 193 4647 Χ,
213 4590 272 4648 σγα,
296 4615 324 4649 τε
347 4591 411 4649 συν,
430 4616 446 4650 α
465 4615 492 4651 ον
513 4595 564 4650 τῶν
586 4594 699 4650 πολιτῶν
746 4592 791 4650 καὶ
811 4596 852 4652 ,κε
905 4595 930 4650 ,α
987 4565 1518 4628 neribusproluxuriantibus,reversi,etiu
1532 4571 1656 4621 conciones

194 4615 210 4661 η
394 4615 464 4670 Ἣ
713 4637 721 4667 ’
852 4616 901 4672 τηρ
933 4618 944 4658 ⁶
987 4643 1123 4704 advocatis,
1138 4657 1194 4692 curu
1216 4645 1339 4706 suppliciis
1354 4647 1509 4708 prodierunt,
1531 4646 1655 4695 obsecrant

162 4677 255 4748 θέντες,
269 4679 384 4739 ἱκέτευον
400 4679 528 4760 τιμωρίας
542 4679 695 4752 ἀξιωθῆναι·
711 4684 761 4739 τῶν
778 4681 826 4758 μέν
841 4684 943 4754 ἀληθῶν
987 4721 1238 4786 indignospmmnt'
1251 4736 1355 4786 quorum
1368 4726 1655 4788 causavjnfflctasusciw

120 4787 147 4826 ⁶⁰
159 4765 277 4843 Δέῖννῑῑς
293 4768 351 4826 Οὐδὲ
365 4768 403 4843 ἀνι
427 4769 464 4845 μὴ
479 4769 524 4827 καί
538 4770 801 4849 πθοσχαῖθῖῑάασῗθῑ
817 4770 942 4848 Υίννῑντνι
988 4801 1067 4851 ultum
1076 4803 1174 4864 quidem
1186 4804 1287 4853 verbum
1297 4817 1382 4853 verum
1392 4805 1510 4866 dicentes,
1521 4819 1551 4855 ne
1563 4807 1656 4855 etiumd

159 4859 268 4912 τοιαῦτα
282 4855 327 4911 καὶ
343 4863 458 4915 τοσαῦτα
472 4857 597 4924 παθόντες
610 4859 660 4916 ὑπὸ
672 4858 813 4934 ποιμένων·
829 4882 943 4938 κατηγο·
989 4884 1105 4944 praterea
1114 4884 1206 4941 essent,
1221 4882 1262 4943 qni
1273 4882 1331 4930 talia
1343 4886 1481 4946 tantaquea
1496 4885 1633 4945 pastoribus
1648 4901 1656 4948 γ

161 4947 261 5021 ροῧνῖῑο
277 4940 303 4998 δὲ
317 4945 519 5017 Μνῑνδηνοῖνονν
538 4949 573 5013 ὥς
584 4945 631 5018 τνλν
642 4952 705 5005 νοῦν
719 4948 886 5028 ἅφῑδομέννον
898 4949 943 5008 κοῖ
988 4969 1108 5029 quissent,
1123 4982 1208 5018 verum
1222 4968 1384 5030 Mytilenaeas,
1397 4970 1463 5032 quasi
1473 4971 1514 5032 qui
1528 4985 1614 5020 novem
1626 4973 1656 5033 ip·

159 5029 193 5089 τά
215 5029 341 5109 χρήματα
366 5031 565 5111 διαρπασάντων
588 5033 705 5113 πολέμου
726 5038 808 5117 νόμῳ.
860 5040 894 5099 Οἱ
916 5039 942 5096 δὲ
988 5054 1069 5103 lissent
1084 5058 1108 5104 et
1121 5068 1178 5116 opes
1192 5054 1298 5103 hostium
1310 5069 1378 5104 more
1389 5056 1656 5117 diripuissenl,tncusar

160 5118 324 5185 πιστεύοντες
338 5117 382 5177 διδι
395 5120 428 5178 τά
443 5123 581 5201 τραύματα
594 5125 638 5183 καί
651 5125 793 5192 νεανίσκοις
805 5130 856 5184 τῶν
867 5125 940 5205 πρῶ·
989 5150 1046 5187 τετυ
1060 5138 1125 5188 tacite
1135 5140 1166 5188 oh
1176 5138 1217 5187 illa
1227 5139 1328 5190 vulnera
1340 5140 1410 5188 tidem
1425 5140 1539 5190 hahentes
1552 5145 1576 5190 et
1585 5141 1656 5190 adole

987 762 1064 821 piam,
1078 761 1125 809 iltis
1137 761 1269 810 instructus
1281 761 1362 819 bonis,
1380 761 1449 809 tacite
1464 761 1647 820 comparaverit.

987 858 1292 922 istumabduceremquum
1300 861 1656 922 censemus‚utpolematumca

987 967 1027 1028 qui
1038 967 1111 1015 instar
1122 961 1202 1016 nautas
1210 967 1279 1028 iuxta
1289 980 1356 1016 mave
1368 980 1423 1015 suas
1434 968 1510 1030 pascit
1519 980 1610 1029 capras.

988 2781 1061 2842 egisse
1069 2780 1205 2843 Daphnim,
1218 2780 1286 2830 siculi
1298 2793 1376 2842 neque
1387 2781 1502 2842 capellam
1515 2794 1600 2830 verum
1612 2796 1656 2830 mar

987 2880 1025 2926 tos
1034 2890 1085 2927 esse
1101 2879 1126 2927 tu
1137 2878 1221 2938 culpa,
1235 2891 1341 2940 quonum
1352 2878 1443 2927 scilicet
1457 2878 1516 2926 alios
1527 2890 1578 2927 esse
1586 2877 1656 2938 judio
