3726 5692
428 471 539 552 ΤΩΝ

200 714 375 809 ΚΑΤΑ
405 713 772 809 ΔΡΟΣΙΛΛΑΝ

270 951 366 1028 κει
415 949 705 1084 xcutiunt,

343 1146 473 1192 olnnlort
492 1143 629 1191 ΠΡΩΤΟΝ.

452 1318 520 1328 .-

244 1406 399 1490 λἸΙί)ΘΕΣΙΣ
417 1442 475 1488 ΤΟΥ
491 1443 574 1488 ΟΛΟΥ
592 1442 728 1488 ΒῙΒΔΙΟΥ.

155 1563 232 1612 Αὐτοῦ
245 1561 371 1624 Δροσίλλης
381 1560 439 1609 ἀλλὰ
451 1561 491 1608 καί
504 1560 645 1623 Χαρικλέους

157 1645 232 1705 φυγὴ,
242 1641 330 1697 πλάνη·
343 1641 470 1696 κλύδωνες·
486 1640 604 1700 ἁρπαγαί·
619 1641 681 1703 βίαι·

153 1705 254 1785 λῃσταί·
268 1721 384 1784 φυλακαί·
396 1725 517 1784 πειρᾶται·
533 1719 691 1783 λιμαγχόναι·

156 1804 257 1865 μελαθρα
268 1803 330 1850 δεινά
339 1801 379 1849 καί
393 1801 585 1862 κατεζορωμένα,

157 1882 180 1930 ἐν
192 1881 251 1943 ηλίῳ
260 1879 376 1941 λάμποντι
386 1879 461 1940 μεστά
469 1883 511 1927 τοῦ
521 1878 621 1934 σκότους
631 1893 636 1904 ·

159 1963 235 2016 κλοιὸς
246 1962 354 2023 σιδηροῦς
365 1960 591 2021 ἐσρυρηλατημένος·

157 2040 275 2102 χωρισμὸς
288 2039 379 2102 οἰκτρὸς
389 2039 505 2101 δυστυχὴς
520 2039 645 2100 ἑκατέρων·

157 2120 216 2175 πλὴν
228 2118 286 2165 ἀλλὰ
298 2119 338 2164 καὶ
349 2122 471 2179 νυμρῶνες
486 2116 529 2179 ὀψὲ
540 2119 579 2165 καὶ
591 2116 671 2179 γάμοι.

346 2295 477 2341 sturton
494 2295 632 2353 nonrort.

169 2450 224 2508 noi
234 2450 279 2506 τοῦ
290 2450 432 2527 ρεραυγοῦς
447 2444 611 2527 ἀστεροίρχου
623 2442 761 2525 ρωσράρου

169 2539 199 2594 ἐκ
211 2541 256 2596 τοῦ
266 2535 340 2595 κάτω
354 2536 481 2613 φοίναντος
493 2533 680 2614 ἡμισφαιρίου,

170 2623 196 2694 ἐξ
209 2625 327 2682 ὠκεανοῦ
339 2628 392 2682 τῶν
408 2627 472 2703 ῥοῶν
486 2621 663 2697 λελουμένου,

171 2713 216 2771 καλ
230 2716 278 2789 γῆς
290 2713 419 2783 τοσαύτης
434 2710 586 2781 ἐκταθείσης
600 2711 634 2774 εἷς
646 2708 743 2774 πλάτος

118 2822 131 2860 ι
172 2798 365 2875 ἀναδραμόντος
379 2797 438 2865 τοὺς
447 2795 603 2877 κορυφαίους
617 2796 729 2867 τόπους,

172 2887 273 2966 Πάρθοι
286 2885 516 2966 προσεμπίπτουσι
528 2883 624 2963 Βάρζῳ
638 2887 671 2960 τῇ
685 2882 774 2953 πόλει,

170 2977 219 3055 οθχ
231 2978 266 3041 ὡς
279 2977 337 3032 κατ’
356 2975 437 3045 αὐτῆς
449 2972 669 3053 συγκροτήσαντες
684 2971 792 3049 μάχην,

171 3066 224 3123 οὐδ’
234 3067 268 3130 ὡς
280 3065 419 3142 βαλοῦντες
436 3060 620 3143 ριψεπάλξιθας
631 3058 717 3125 λίθους

171 3157 200 3211 ἐκ
210 3154 407 3232 πετροπομπῶν
423 3153 459 3217 είς
468 3149 498 3207 τό
512 3159 597 3227 τεῑχος
610 3148 743 3228 ὀργάνων,

120 3263 145 3300 lo
172 3242 225 3299 οὐδ’
237 3245 272 3306 ὡς
286 3238 500 3306 κατασπάσαντες
514 3241 604 3297 ἐκτῶν
617 3238 710 3320 ὑψόθεν

171 3327 286 3407 πέτραις,
301 3326 429 3407 χελιίιναις
441 3326 486 3385 καὶ
501 3327 582 3404 κριοῖς
595 3323 788 3406 χαλκοστόμοις

173 3417 230 3496 [οὐκ
245 3406 276 3486 ἦν
288 3416 339 3495 γάρ
352 3415 483 3481 εὐάλωτος
496 3417 583 3481 αὐτοῖς
597 3415 714 3486 ἡπόλις,

172 3508 288 3583 κρημνοῦ
304 3504 517 3582 περισρίγγοντος
530 3501 612 3572 αὐτὴν
623 3502 774 3579 κυκλόθεν),

173 3594 232 3650 ἀλλ’
244 3595 279 3658 ὡς
294 3593 493 3672 ἀραρποίσοντες
506 3593 601 3671 ἀνδρας
621 3591 751 3670 Βαρζίτας

136 3701 160 3743 lt
174 3680 216 3748 οὓς
226 3678 298 3746 ἐκτθς
306 3679 337 3739 ἀν
352 3680 476 3761 λήψοιντο
491 3684 543 3739 τῶν
555 3680 723 3759 θρισμοίτων,

172 3770 217 3829 καὶ
230 3779 320 3828 πᾶσαν
333 3771 418 3827 αὐτῶν
431 3767 478 3838 τὴν
492 3773 622 3848 τυχοῦσαν
637 3768 736 3826 οὐσίαν.

174 3858 229 3919 Καί
244 3864 305 3937 γοῦν
321 3860 508 3938 ὑραπλοιθεῑσα
523 3857 567 3915 καί
576 3855 705 3932 τεταμένη

174 3951 226 4005 τῶν
239 3952 289 4020 τῆς
307 3946 435 4026 πολίχνης
449 3944 558 4025 τειχίων
575 3944 726 4016 ἀποστάθην

176 4033 319 4114 θπουργικὴ
331 4035 390 4114 χείρ
403 4037 539 4114 Παρθικῆς
549 4032 694 4114 φυλαρχίας

134 4145 161 4181 ao
178 4125 301 4204 αίρνηθὸν
314 4124 436 4182 ἐσκύλευε
451 4122 510 4189 τοὺς
521 4121 594 4200 πέριξ
609 4122 717 4188 τόπους·

175 4213 199 4269 oi
213 4210 349 4292 Βάρόαροι
360 4212 386 4270 δὲ
400 4210 589 4293 συνδραμόντες
603 4211 697 4269 αὐτίκα

176 4297 248 4357 λείαν
258 4302 357 4359 Μυσῶν
373 4299 458 4358 ἔθεντο
472 4299 505 4358 τά
519 4299 581 4379 πρὸς
592 4307 649 4366 ταῖς
660 4300 763 4366 πύλαις.

176 4388 246 4455 Τοὺς
261 4389 307 4464 μίν
323 4388 374 4468 χθιρ
386 4390 524 4458 ἔσπάθιζον
541 4389 635 4468 ἄνδρας
647 4389 748 4455 ἀθλίους

177 4473 220 4542 οθς
233 4476 394 4536 ἀντιπίπτειν
406 4477 515 4536 ε’όλεπον
531 4476 718 4555 πειρωμένους·

122 4583 148 4622 τε
177 4563 236 4631 τοὺς
246 4564 274 4623 lt
288 4569 401 4645 προῆγον
417 4566 537 4642 δεσμίους
549 4564 750 4644 κρατουμένους.

178 4655 237 4711 Πᾶν
252 4654 437 4734 συγκατέκλων
450 4655 552 4735 δένδρον
570 4653 596 4722 ἐξ
610 4652 771 4726 ἀπληστίας,

179 4744 365 4889 καίτοιῖβρίθον
382 4744 521 4822 βλέποντες
533 4743 558 4811 ἐξ
572 4743 725 4822 εὐκαρπίας,

180 4831 235 4903 Τὴν
252 4856 268 4889 α
280 4856 330 4909 γα,
345 4833 393 4902 τὴν
408 4837 470 4911 βοῦν
484 4829 702 4909 συγκαθήρπαζον
716 4830 791 4903 τότε,

180 4920 196 4991 ἣ
211 4921 248 4995 μὴ
262 4920 292 4979 τὸ
302 4922 388 4999 τεῖχος
401 4922 550 5000 είσθραμεῐν
560 4918 710 4998 ἐπερθάκει.

125 5026 152 5068 to
181 5008 310 5075 Γυναῖκας
325 5000 410 5067 εἷλκον
425 5007 453 5065 αἳ
469 5008 601 5065 συνεῑλκον
614 5005 645 5063 rii
662 5005 759 5088 βρίρη·

177 5094 286 5174 ὤμωζον
299 5098 385 5156 αὐτῶν
397 5099 423 5155 αί
438 5095 558 5155 τάλαιναι
573 5094 696 5173 μητέρες,

1124 473 1126 478 ’
1179 458 1486 545 DROSILLAE·

1095 674 1547 815 n'ronunioms
1631 803 1632 806 ψ

1228 942 1418 1029 RERUM

1197 1168 1286 1212 LIBER
1310 1168 1440 1211 Pnlrdtlsa

1068 1464 1292 1510 snoullsnwtl
1318 1467 1428 1510 tonus
1453 1467 1571 1511 oblinis.

983 1576 1024 1621 llic
1034 1576 1112 1622 insunt
1127 1579 1226 1623 llrosilla
1240 1584 1307 1636 strue
1316 1581 1423 1626 cbarlciis

982 1654 1034 1710 tuga
1043 1666 1187 1714 erroresque;
1202 1660 1320 1715 procelle.
1331 1662 1429 1718 rapinas,
1443 1661 1563 1711 violence,

982 1735 1111 1791 praetores,
1122 1747 1233 1788 carceres,
1245 1739 1331 1794 piram,
1341 1739 1391 1785 dira
1399 1742 1501 1796 ieiunia

981 1815 1062 1860 domus
1071 1815 1182 1869 borridae,
1197 1829 1224 1862 ac
1238 1818 1338 1863 tenebris

984 1894 1036 1938 solis
1044 1896 1086 1940 surb
1095 1895 1213 1941 meridiani
1223 1897 1344 1953 splendore

982 1974 1116 2031 caligantes:
1126 1977 1209 2022 collare
1217 1977 1341 2029 terratum3
1419 2017 1422 2022 .

982 2053 1099 2099 ambomnr
1108 2056 1218 2111 separatio
1227 2055 1353 2100 miseranda
1369 2055 1473 2108 ,iuielin

983 2138 1006 2177 at
1021 2134 1110 2179 tandem
1122 2133 1211 2180 thalami
1220 2139 1243 2179 et
1252 2136 1345 2191 nuptie.

1198 2303 1288 2346 LIBER
1312 2305 1440 2347 PRIMUS,

961 2477 1023 2534 lam,
1037 2488 1079 2526 rot
1089 2475 1228 2538 splendidus
1239 2482 1360 2528 astrorum
1379 2478 1473 2542 dieique
1495 2491 1580 2542 psrens
1595 2494 1625 2530 ex
1638 2482 1712 2532 iniero

930 2580 1001 2630 Titan
1013 2583 1142 2631 emerserat
1154 2581 1338 2645 hemispherio,
1351 2583 1434 2632 oceani
1444 2583 1540 2635 liuentis
1554 2586 1678 2647 prolutus,
1691 2591 1715 2636 et

931 2682 1024 2731 telluris
1043 2683 1068 2732 in
1089 2687 1139 2733 tarn
1152 2689 1244 2734 rasum
1262 2688 1368 2736 extensas
1386 2688 1536 2738 latitudinem
1550 2691 1625 2738 ardna
1644 2704 1715 2740 cursu

932 2787 984 2836 ioca
1001 2794 1171 2850 superaveram

962 2920 1038 2968 quum
1051 2909 1131 2957 Purtbi
1144 2912 1218 2958 Burro
1230 2911 1282 2959 urbi
1291 2924 1391 2960 accursu
1400 2913 1570 2975 propinquant,
1581 2928 1629 2963 non
1642 2928 1715 2978 quarn

932 3004 955 3051 vi
970 3009 1151 3068 oppugnarent.
1163 3020 1233 3056 nece
1249 3008 1377 3058 tormentis
1390 3009 1458 3072 longe
1474 3023 1533 3058 saxa
1545 3011 1680 3061 rotantibus
1692 3014 1716 3061 iu

934 3122 1017 3159 muros
1031 3110 1126 3159 missuri
1138 3113 1241 3160 molares
1251 3124 1306 3160 cnm
1325 3112 1560 3174 propugnaculorum
1574 3113 1659 3173 ruina,
1672 3129 1716 3165 nec

937 3215 964 3263 ut
989 3213 1148 3264 testudinibus
1167 3216 1294 3277 feralisque
1308 3214 1422 3264 arietibus
1441 3228 1549 3264 summas
1568 3216 1717 3278 detergerent

934 3319 1019 3382 pinnas
1039 3320 1114 3381 (urbs
1127 3320 1191 3370 enim
1215 3319 1320 3382 undique
1334 3320 1436 3383 rupibus
1456 3321 1533 3370 cinctu
1546 3323 1655 3371 nniractu
1668 3324 1717 3371 cel·

934 3426 998 3475 siore
1014 3425 1132 3486 discissis,
1149 3439 1198 3476 non
1210 3431 1262 3476 erat
1277 3426 1345 3476 isclle
1360 3427 1548 3490 expugnantium
1563 3429 1644 3478 sedni
1659 3431 1716 3478 Bar·

934 3531 992 3580 zitas
1002 3530 1112 3580 bomines
1123 3533 1191 3581 entra
1201 3529 1289 3582 limites
1302 3529 1462 3588 deprehensos
1473 3536 1597 3596 raperent,
1608 3533 1718 3598 bonaque

934 3634 1028 3684 iliorum
1039 3636 1100 3685 sorte
1111 3636 1190 3685 obvia.

964 3850 1048 3911 ltsquc
1059 3849 1140 3910 procul
1154 3850 1185 3898 nb
1194 3850 1301 3912 oppiduli
1312 3850 1432 3901 munibus
1439 3851 1552 3915 explicati
1561 3855 1719 3918 dispalatique

936 3951 1039 4000 Parthici
1054 3955 1216 4013 exploratores
1228 3955 1361 4016 exercilus,
1372 3959 1496 4006 momento
1510 3959 1624 4021 temporis
1637 3961 1717 4020 parvi,

934 4057 988 4103 loca
999 4058 1123 4106 contuere
1133 4057 1227 4116 ναίοις

967 4230 995 4265 ac
1011 4218 1109 4278 repente
1127 4229 1174 4265 uns
1196 4228 1280 4264 omnes
1304 4215 1401 4264 iisrburi
1417 4221 1588 4266 concursantes
1608 4219 1719 4279 proximu
1812 4212 1815 4222 “

935 4306 1009 4368 portis
1021 4318 1124 4367 qumque
1138 4307 1260 4366 Mysorum
1275 4303 1381 4365 praedam
1400 4306 1516 4352 iecerunt.

968 4395 1064 4445 Miseros
1077 4394 1140 4443 enim
1155 4406 1211 4442 ense
1225 4392 1343 4441 necabunt
1358 4393 1435 4452 viros,
1456 4393 1497 4454 qui
1517 4392 1631 4443 obsistere
1645 4408 1718 4444 cona·
1811 4429 1812 4434 =

936 4499 1039 4560 bantur,
1052 4501 1153 4547 cmtcms
1167 4500 1223 4547 unte
1241 4511 1266 4546 se
1279 4496 1381 4558 agebant
1396 4498 1494 4545 onustos
1505 4497 1615 4546 uinculis.

966 4635 1082 4686 Arborem
1094 4649 1217 4698 quamque
1227 4636 1331 4684 immune
1343 4635 1448 4683 furentes
1466 4632 1660 4696 confringebant,
1676 4637 1719 4686 etsi

937 4727 1059 4774 tructuurn
1073 4724 1183 4774 viderent
1197 4725 1334 4774 inclinatam
1358 4723 1470 4784 pondere.

967 4814 1075 4876 (lupellus
1085 4827 1218 4876 vaccasque
1226 4813 1399 4875 corripiebant,
1411 4823 1466 4874 qum
1475 4825 1558 4860 muros
1569 4812 1659 4874 ingredi
1671 4826 1720 4862 non

937 4904 1073 4963 potnerunt.

968 5005 1134 5056 Trahebantur
1147 5005 1273 5065 mulieres,
1283 5018 1339 5068 qum
1348 5009 1372 5055 et
1382 5006 1440 5068 ipsae
1450 5005 1577 5055 trabebant
1586 5004 1720 5066 puellulos;

937 5109 1024 5160 flebant
1037 5111 1127 5160 matres
1138 5109 1309 5172 intortumtae3
