3726 5692
846 336 958 395 LIBER
980 338 1046 394 Vll.

133 476 202 541 τέλος
219 476 309 542 ἐπειδὴ
326 474 354 529 οὐ
370 470 472 549 μεθίει,
489 475 524 536 ὡς
536 472 694 548 ἐνοχλοῦσαν
705 470 749 527 καὶ
763 473 796 546 τῇ
808 471 853 547 θέφι
868 473 919 527 τῶν
965 476 993 525 ad
1007 479 1158 536 extremum,
1174 490 1230 525 cum
1245 489 1292 524 non
1306 475 1444 533 desisteret,
1460 480 1575 537 tanquam
1590 477 1633 525 sibi
1646 479 1754 527 molestae

131 562 198 643 ἆμφὶ
215 560 363 641 Καδᾶσῑρῑθ
383 558 504 635 ἐμποδὼν
518 559 663 633 terestres
675 558 721 616 καὶ
744 557 917 637 δίῑρρᾶπῑῦῑίι
964 580 988 626 εί
999 578 1165 640 spectaculum
1179 578 1238 626 illud
1251 578 1387 628 calasiridis
1404 578 1559 640 impedienti,
1576 581 1648 629 eliam
1661 582 1754 643 alapam

129 639 264 728 Ἦθὲνῶ
288 650 385 718 Πύθην
408 646 456 726 ἔθη
475 647 538 725 πρὸ(
564 646 640 704 αὐῑὸθ
664 645 767 725 ‘iiiia’
791 644 849 703 οὐδὲ
874 652 917 704 τοῦ
964 678 1059 727 ίτιίίίκίί.
1093 678 1755 743 lllaaulem‚ol’ytlrle,submisseadillum,nequo

129 738 282 815 λαμπαδίου
300 732 507 812 μέμνησωδκαὶ
522 734 573 792 τόθ’
589 739 602 791 ὁ
619 733 754 809 Θεαγένης
767 733 857 815 ὥσπερ
880 734 919 813 βέ’
965 777 1051 827 ίειττίτε
1070 777 1174 841 amplius
1192 777 1341 827 recordaris?
1365 779 1427 826 Tum
1450 778 1599 839 Tlrcagenes,
1620 780 1694 828 verbo
1715 781 1755 829 illo

102 828 167 887 sla
187 830 226 906 τῷ
249 825 349 904 ῥήματι
373 822 476 902 βληθεὶς
497 820 542 880 καλ
565 823 617 879 τῶν
632 819 808 898 συγκειμένων
832 823 919 887 αὐτοῖς
1097 885 1102 895 ¹
1192 884 1197 894 Ι
1427 885 1431 894 Ι
1474 885 1479 895 .
1515 886 1520 896 ²
1596 887 1600 896 Ι
1737 890 1742 899 .

129 915 271 993 συμὸχλων
293 913 324 972 τὸ
337 911 487 988 λαμπάδων
506 909 652 988 tvaiwt,
669 912 816 976 ἐνατενγσας
831 934 858 968 τε
874 910 918 968 καὶ
965 889 1080 947 tanquam
1093 885 1174 946 Jaeulo
1191 887 1252 933 retus
1265 887 1289 933 et
1304 898 1333 933 εκ
1355 887 1493 934 constitutis
1513 888 1575 934 rntcr
1595 887 1648 936 illos
1661 891 1755 937 tesseris

128 1012 184 1071 ταῖς
200 1005 291 1081 βολαῖς
304 1005 356 1059 τῶν
368 1001 510 1081 ὀφθαλμῶν
525 1002 570 1070 τῆς
585 998 762 1076 Χαρικλείας,
774 996 863 1077 ὥσπερ
876 998 919 1054 ὑπ’
965 993 1066 1042 faculam
1078 1005 1236 1055 cognoscens,
1249 991 1383 1054 defixisque
1399 993 1475 1042 oculis
1485 995 1609 1042 contuitus
1627 997 1651 1042 εί
1667 994 1755 1044 obtutu

128 1094 230 1158 θλτῖνος
243 1087 397 1169 aquatam
410 1090 439 1146 ἔκ
451 1089 533 1169 νῑφῶν
546 1085 751 1163 καταυγασθεὶς,
761 1085 918 1164 πῑρῑὲὅαλλέ
964 1099 1095 1149 Cbaricleae
1104 1102 1220 1163 tanquam
1230 1114 1259 1150 ea
1275 1099 1380 1149 nubibus
1394 1100 1460 1149 radio
1477 1102 1596 1150 emicante
1612 1102 1755 1161 illustratus,

129 1204 156 1238 π
176 1181 223 1239 καὶ
238 1178 438 1290 ἐνηῖκαλίζῑῖΨ
461 1176 507 1234 καί
521 1175 594 1286 τέλος
616 1178 749 1282 (πλῆθος)
763 1175 792 1232 τὸ
804 1179 867 1284 ,πρὸς
876 1176 920 1282 ’τῷ
964 1208 1089 1257 incultum
1102 1207 1232 1257 invadebat
1245 1227 1251 1257 ι
1266 1211 1387 1270 postremo
1397 1211 1448 1257 tota
1460 1209 1590 1258 mullitudo
1605 1210 1635 1258 ad
1648 1224 1754 1270 instrum,

102 1290 120 1325 '⁹
131 1270 209 1378 πίθῃ
222 1290 332 1379 συΙμπαν
356 1265 472 1377 [μῗροςσ]
485 1270 536 1322 καθ
559 1263 753 1370 eumaem?
766 1268 782 1334 ἡ
795 1268 918 1375 ἐρωή
965 1316 990 1364 in
1001 1329 1051 1377 quo
1064 1313 1160 1364 sederat
1180 1319 1270 1364 Arsace
1284 1317 1380 1364 tumens
1402 1319 1426 1364 et
1443 1329 1491 1364 non
1505 1319 1556 1367 sine
1576 1320 1693 1382 zelotypia
1706 1323 1755 1383 j‘am

132 1359 293 1434 διοτοουμενη
315 1354 424 1414 nortona
447 1375 508 1410 ανευ
523 1354 681 1424 ζηλοτυπίας
702 1351 752 1423 ήοη
774 1375 821 1422 την
835 1352 919 1429 Χαρι-

1698 350 1751 399 337

134 1448 216 1505 κλειαν
229 1444 364 1521 θεωμένη,
378 1445 588 1521 σκηνογραφικής
599 1442 744 1520 ἐπληροῦτο
756 1445 920 1518 θαυματουρ·

137 1556 211 1681 μέθ’.
232 1620 336 1681 allata
359 1615 406 1693 μὲν
430 1622 444 1676 ὁ
464 1616 575 1696 ἄθεσμος
597 1617 715 1697 ἀδελφῶν
738 1616 852 1691 πολεμος
873 1612 918 1673 καί

102 1728 125 1768 ,α
142 1710 199 1789 ἐγὼν
220 1712 234 1768 θ
257 1708 292 1767 δι’
313 1704 426 1785 αἵματος
449 1705 619 1787 κριθήσεσθαι
639 1702 868 1786 προσδοκώμενος,
884 1705 919 1769 εἷς

143 1796 244 1876 κυμικθν
266 1799 297 1856 ἐκ
317 1799 444 1876 τραγικοῦ
467 1793 497 1852 τὸ
515 1792 587 1860 τέλος
608 1793 779 1875 κατέστρεφε.
824 1789 919 1872 Πατήρ

144 1887 191 1954 subc
201 1887 296 1953 παῖδας
310 1884 424 1965 ξιφήρεις
441 1884 484 1942 ἐπ’
501 1884 628 1953 ἀλλήλους
642 1884 688 1942 καί
703 1888 919 1962 μονομαχοῦντος

146 1975 288 2052 θεασάμενος
299 1977 345 2033 καί
357 1973 400 2031 τὸν
413 1970 487 2054 παρὰ
502 1977 623 2031 τοσοῦτον
633 1977 685 2030 τῶν
699 1971 796 2031 τέκνων
810 1971 919 2029 θσίνατον
992 2024 997 2035 ,

148 2064 168 2121 ἐν
185 2063 321 2142 ὀφθαλμοῖς
340 2065 393 2127 τοῖς
409 2059 551 2138 γεννήσασι
565 2061 728 2139 δυστυχῆσαι
742 2057 921 2128 κινδυνεύσας,

122 2150 234 2232 bicipitis
260 2150 338 2216 αὐτὸς
361 2148 463 2226 ἐγένετο
487 2147 628 2228 πρύτανις,
653 2149 792 2224 διαδρᾶναι
816 2145 863 2223 μέν
890 2170 920 2205 το

966 1419 1116 1470 Charicleam
1129 1419 1277 1482 adspiciens,
1295 1420 1365 1483 plenu
1375 1423 1427 1469 crat
1443 1422 1536 1470 scenica
1553 1423 1657 1484 quadam
1670 1424 1754 1473 mirili-

966 1538 1044 1586 caque
1060 1526 1279 1586 repraesentatione.

997 1630 1061 1677 vltl,
1077 1602 1214 1679 Diremtum
1227 1629 1264 1677 est
1279 1627 1399 1676 netarium
1419 1628 1508 1677 bellum
1530 1629 1592 1679 inter
1611 1632 1717 1691 tratres,
1732 1637 1757 1682 τί

965 1732 1103 1789 certamen,
1121 1728 1186 1789 quod
1208 1729 1337 1777 cruentum
1363 1728 1413 1775 lore
1437 1727 1575 1791 putabatur,
1589 1731 1614 1778 in
1635 1732 1756 1780 comicum

965 1835 1035 1884 iinon
1051 1848 1080 1882 ex
1094 1834 1185 1895 tragico
1198 1832 1275 1882 desiit.
1310 1833 1390 1892 l‘ater,
1406 1833 1467 1884 tilios
1482 1838 1588 1884 armatos
1599 1843 1683 1885 contra
1696 1851 1754 1896 sese,

965 1929 1076 1989 singulari
1095 1929 1229 1977 certamine
1241 1928 1382 1978 dimicantes
1394 1929 1561 1990 conspicatus,
1575 1931 1616 1992 qui
1629 1946 1657 1979 eo
1670 1933 1751 1981 ‹liseri-

966 2025 1035 2072 minis
1050 2025 1159 2084 renerat‚
1176 2026 1203 2071 ut
1216 2038 1285 2086 priene
1306 2024 1383 2073 oculis
1403 2026 1507 2086 parentis
1520 2026 1602 2075 inielirr
1616 2040 1681 2075 mors
1700 2028 1757 2077 libe-

908 2146 914 2164 ν
965 2136 1046 2173 rorum
1061 2123 1229 2183 subjiceretur,
1240 2124 1289 2185 ipse
1304 2123 1368 2186 pacis
1378 2123 1450 2173 lebat
1464 2126 1561 2175 arbiter.
1595 2129 1641 2185 Qui
1652 2129 1757 2189 elingere

139 2238 326 2321 ’ψωρωμρων
348 2242 378 2298 {x
403 2242 501 2319 μοῳῶ,
527 2237 710 2310 amram,
727 2239 761 2304 ,χ
783 2237 873 2317 xmp„
897 2239 919 2294 δ’
940 2242 943 2259 ·
966 2225 1064 2287 quidem
1083 2225 1188 2275 latorum
1203 2226 1369 2275 necessitatem
1382 2239 1430 2275 non
1446 2229 1539 2289 poterat
1552 2230 1677 2277 :ceterum
1694 2233 1756 2279 tenn-

151 2329 269 2400 ἐπιστῆναι
279 2334 332 2395 τοῖς
346 2326 609 2406 ἀποκικληρωμένοις
621 2327 779 2406 εὐτυχήσας.
825 2327 921 2391 Παῖδες

151 2415 187 2475 ab
201 2419 276 2497 φύντα
291 2417 359 2496 μετὰ
377 2419 511 2483 δεκαετοῦς
524 2416 590 2488 ἄλης
607 2416 699 2496 χρόνον
712 2412 860 2490 ἐκομίζοντο
876 2415 921 2472 καὶ

153 2503 188 2563 ria
200 2505 273 2567 αἴτιον
286 2511 334 2579 τ’ής
347 2506 390 2564 ἐπλ
410 2511 443 2586 τῇ
465 2504 613 2587 προφητείᾳ
628 2505 720 2584 μέχρις
736 2502 845 2580 αἵματος
858 2504 921 2562 στοί-

103 2582 223 2671 ,Νθθὴ
242 2596 316 2656 αὐτοὶ
330 2595 423 2676 μικρδν
445 2593 551 2675 ὕστερον
574 2591 732 2674 κατέστεφον
752 2593 797 2651 καὶ
817 2600 870 2657 τοῖς
892 2615 920 2650 τι
940 2576 943 2657 ί

154 2681 274 2757 optatu<
297 2689 345 2756 τῆς
372 2682 514 2765 ἱερωσύνης
549 2683 703 2749 ἀναδοῦντες
733 2679 919 2761 παρέπεμπον.

154 2765 204 2850 Ἐφ’
214 2770 290 2832 θπασι
305 2772 333 2832 δέ
344 2773 375 2832 τδ
389 2772 512 2852 ίρωτικὸν
526 2771 602 2849 μέρος
616 2776 660 2828 τοῦ
672 2769 846 2847 δροίματος,ἠ
863 2772 921 2828 Χα-

156 2856 237 2933 ρίκλεια
246 2862 290 2921 καὶ
301 2861 474 2939 δΘιαγίνης,
485 2860 651 2936 ἐπήκμαζεν,
662 2859 753 2936 ὡραῖοι
763 2857 809 2915 καί
815 2857 920 2936 χαρίεν·

156 2966 190 3010 ste
199 2949 256 3009 τθτω
268 2950 336 3026 νέοι,
351 2950 417 3030 παρ’
431 2949 525 3008 ἐλπίδα
547 2958 635 3006 πᾶσαν
662 2947 792 3016 ἀλλήλους
805 2948 922 3017 ἀπειλη-

966 2327 1017 2387 ροτί
1033 2324 1063 2374 ad
1079 2339 1120 2385 ea,
1136 2339 1191 2388 quse
1204 2325 1302 2374 delinita
1320 2329 1428 2389 tuerent,
1445 2329 1556 2388 veniens,
1578 2329 1679 2377 fortunas
1700 2344 1757 2378 suc·

966 2442 1035 2478 cesso
1060 2442 1118 2478 usus
1142 2428 1277 2479 videbatur.
1311 2430 1364 2480 Filii
1383 2434 1507 2492 parentem
1529 2433 1583 2493 post
1603 2431 1756 2483 decennalem

965 2531 1053 2580 erroris
1071 2530 1273 2593 intercapedinem
1297 2533 1470 2593 recuperabant
1489 2535 1513 2582 el
1539 2546 1595 2582 eum
1614 2536 1654 2595 qui
1681 2536 1758 2585 tuerat

966 2644 1038 2679 causa
1056 2630 1231 2693 propemodum
1242 2634 1350 2681 eruentae
1364 2635 1461 2694 propter
1471 2633 1616 2683 antistitium
1627 2635 1758 2697 seditionis,

967 2731 1009 2794 ipsi
1025 2731 1106 2793 paullo
1117 2733 1170 2791 post
1184 2732 1347 2794 coronabant,
1359 2733 1535 2796 sacerdotiique
1545 2736 1676 2798 insignibus
1687 2751 1756 2785 arria-

968 2833 1019 2879 turn
1029 2830 1189 2880 deducebant.
1224 2835 1288 2881 lnter
1299 2834 1381 2881 omma
1395 2847 1451 2883 vero
1464 2836 1579 2884 amatoria
1595 2851 1648 2898 pars
1660 2837 1756 2897 tabula,

967 2933 1092 2981 cbariclea
1109 2938 1133 2981 et
1144 2933 1295 2994 Timagenes,
1314 2933 1412 2983 tortuosi
1424 2937 1448 2983 et
1462 2937 1555 2984 venusti
1568 2937 1683 2998 juvenes,
1702 2953 1757 2986 curn

129 3030 263 3110 αφύηςχαὶ
274 3038 353 3097 πλέον
366 3041 418 3097 τῶν
434 3037 520 3096 ἄλλων
536 3039 571 3103 εἰς
581 3035 628 3106 τὴν
643 3037 683 3114 ἐφ’
697 3033 789 3099 αύτούς
798 3033 858 3093 θέαν
876 3034 921 3104 τὴν
942 3026 945 3119 γ
968 3040 1053 3095 praeter
1062 3048 1160 3084 omnem
1174 3049 1241 3098 spem
1251 3039 1276 3086 εί
1283 3037 1421 3099 ορίπίοτεπτ
1431 3051 1456 3086 se
1465 3044 1652 3101 recuperassent,
1661 3042 1758 3101 rigebat

158 3118 218 3181 tt'iu
232 3125 434 3207 ἐπιστρέφοντες.
476 3124 605 3204 Ἐξεχύθη
619 3128 680 3202 γοῦν
692 3130 765 3180 πᾶσα
779 3121 822 3179 διδ
833 3123 923 3180 πυλῶν
943 3122 945 3129 ’
967 3132 991 3178 et
1003 3131 1092 3193 magis,
1105 3145 1177 3194 quam
1191 3136 1283 3193 cetera,
1295 3136 1379 3184 urbem
1389 3136 1419 3183 ad
1432 3138 1595 3197 spectaculum
1607 3141 1643 3188 sui
1659 3155 1757 3190 conscr-

159 3206 401 3297 tlir'orrporcaipssor
412 3213 500 3273 πεδίον
513 3213 628 3292 ἐπλήρου
645 3211 686 3270 διδ
699 3210 786 3282 πάσης
805 3209 921 3281 ἡλικίας·

160 3298 195 3353 ³⁰3
205 3301 244 3378 pls
261 3302 433 3383 ἐφηθτύοντος
446 3306 493 3374 τῆς
512 3301 629 3372 πόλεως,
642 3300 687 3359 καί
706 3302 741 3364 εἰς
756 3297 851 3378 ἄνδρας
865 3298 923 3378 ἄρτι
942 3286 945 3355 ί

161 3392 363 3466 πίίτλλίττοντος
385 3395 424 3473 τῷ
446 3389 575 3467 Θεαγένει
597 3387 815 3469 προστρέχοντας,
837 3391 874 3467 τῷ
896 3386 923 3444 δὲ

102 3482 104 3495 '
135 3468 255 3554 ⁸0⁰4ptdr
266 3485 313 3553 τῆς
327 3479 498 3557 ἀκμαζούσης
516 3478 618 3551 ἡλικίας
630 3477 675 3536 καλ
691 3475 747 3545 τοὺς
765 3476 859 3555 ἄνδρας
868 3478 925 3535 θλο·
943 3506 946 3557 γ

132 3597 140 3613 ·
160 3558 241 3643 ‘little
251 3569 403 3650 πληρούσης
416 3569 463 3628 καί
472 3591 498 3627 τι
510 3568 555 3626 καί
564 3565 748 3644 ἄναγνωρίζειν
755 3566 799 3623 τὸν
814 3566 923 3642 θύαμιν

161 3643 258 3729 ‘Mune
300 3659 342 3719 Τὸ
355 3655 383 3715 δέ
395 3661 553 3735 παρθενεῦον
562 3659 608 3713 τοῦ
619 3653 718 3720 ἄστεως
729 3652 775 3711 καὶ
783 3657 924 3734 νυμφῶνος

161 3730 412 3825 θδθφανταζόμενον,
428 3744 475 3816 τήν
488 3743 649 3821 Χαρίκλειαν
659 3749 789 3822 περιεῖπε·
806 3741 924 3822 πρεσθυ-

161 3824 247 3893 “lindi
258 3835 304 3893 καὶ
317 3833 386 3913 ἱερὸν
399 3831 471 3890 θπαν
484 3831 555 3908 γένος
576 3830 724 3910 ἐδορυφόρει
736 3828 779 3888 τὸν
802 3830 925 3890 Καλσίσι-

137 3920 203 3985 ‘lit’
212 3920 253 3979 καί
266 3919 362 3997 πομπή
375 3943 413 3987 τις
427 3917 583 4000 ἱεροπρεπής
598 3918 765 3996 αὐτοσχέδιος
774 3916 925 3976 ἐστέλλετο·

162 3998 257 4085 “irati
278 4012 411 4081 Βησσαεῖς
433 4013 478 4066 τοῦ
501 4007 637 4081 Θυᾶμιδος
657 4005 862 4086 ἀποπέμψαντος
880 4005 926 4063 καί

161 4092 218 4172 lipia
229 4121 257 4157 τι
268 4095 316 4169 τήν
331 4095 471 4176 γενομένην
494 4095 559 4176 ὑπὲρ
574 4099 619 4165 τῆς
633 4094 779 4173 προθυμίας
793 4094 925 4171 ὁμολογή-

162 4187 291 4255 sommi
314 4191 374 4266 βοῦς
396 4184 443 4262 μὲν
458 4184 570 4261 ἑκατὸν,
589 4183 664 4263 χίλια
688 4182 716 4241 δέ
739 4182 858 4261 πρύὸατα
882 4182 927 4242 καί

163 4264 260 4353 impis
272 4275 378 4356 ἰκθστιμ
390 4273 454 4332 δέκα
464 4272 557 4353 μικρὸν
569 4271 675 4350 ύστερσν
690 4272 735 4330 καί
754 4274 791 4338 είς
808 4273 926 4352 πληρου-

138 4355 222 4433 ιίθτην
234 4364 282 4437 τήν
301 4362 429 4435 σελήνην,
441 4360 612 4420 ἀπσστελλειν
625 4359 866 4438 ἐπαγγειλαμένου,
882 4359 927 4418 τὸν

162 4442 240 4527 ιθχίνα
253 4453 277 4510 δ’
297 4449 443 4529 ὑπάγοντος
457 4458 513 4515 ταῖς
533 4449 610 4529 χερσί
632 4454 678 4508 τοῦ
699 4447 796 4527 πατρὸς
820 4448 866 4505 καί
880 4447 928 4520 τήν

162 4538 247 4614 uptus
259 4539 471 4621 ἐπικουφίζοντος
485 4537 530 4596 καί
552 4537 600 4608 τήν
624 4537 700 4616 βοίσιν
721 4541 766 4594 τοῦ
780 4535 928 4615 πρεσόύτου

162 4620 247 4698 Ιἳέττδ
258 4631 324 4709 παρ’
338 4626 433 4686 ἐλπίδα
444 4630 536 4707 χαῖρον
547 4625 634 4704 ἠρέμα
650 4623 854 4703 παραλυομένην
870 4627 929 4706 ἐφε-

163 4704 286 4785 θέζοντος.
330 4715 434 4776 Ἐποίει
451 4715 479 4773 δὲ
500 4715 594 4773 ταύτὸν
604 4716 635 4772 ἐκ
650 4713 764 4791 θατέρων
780 4711 825 4771 καί
840 4717 854 4771 θ
873 4716 927 4773 Πε·

140 4794 250 4881 θήρα·
263 4803 311 4865 καλ
325 4801 378 4862 ῦπδ
390 4801 527 4879 λαμπάσιν
541 4801 673 4879 ἡμμέναις
685 4801 728 4860 ἐπί
746 4800 790 4859 τὸν
805 4799 869 4860 νεὼν
883 4805 930 4875 τῆς

117 4894 122 4905 ”
164 4872 239 4961 ΙῙθθνς
250 4890 382 4970 κατήγετο
393 4895 408 4950 θ
419 4890 568 4972 πρεσὸύτης
577 4937 584 4961 ,
594 4889 645 4948 tal
657 4889 743 4970 κρότῳ
755 4889 801 4948 καὶ
814 4889 929 4971 εὐφημία

166 4972 230 5059 ῑλλῇ
255 4978 491 5062 δορυφορούμενος,
514 4981 618 5038 πολλῶν
647 4977 703 5054 ἅμα
727 4978 857 5058 συρίγγων
884 4976 930 5036 καί

167 5056 231 5126 Q
246 5071 323 5149 ἱερῶν
336 5066 506 5148 ἐπηχσύντων
516 5113 526 5145 ,
538 5068 584 5127 καὶ
600 5065 664 5146 πρὸς
678 5065 771 5147 χορούς
784 5065 814 5124 τὸ
830 5064 929 5144 σἰγέρω-

168 5158 201 5220 λ’Ι
211 5158 253 5228 τῆς
265 5155 370 5230 ἡλικίας
383 5155 608 5237 έκθακχευύντων.
650 5158 691 5214 Οὐ
706 5154 758 5232 μήν
769 5156 823 5214 οὐδ’
837 5158 854 5227 ή
871 5152 931 5236 Ἀρ-

243 5262 404 5310 ίίτιιοοοτυτ.

968 3233 1041 3283 tebat.
1075 3236 1157 3284 Elissa
1169 3249 1275 3299 namque
1284 3239 1363 3286 luerat
1377 3251 1419 3299 per
1429 3242 1510 3300 portas
1524 3243 1549 3289 εί
1561 3243 1681 3302 patentem
1694 3258 1756 3293 earn·
1802 3234 1805 3240 ’

968 3346 1026 3394 pum
1037 3333 1171 3396 trequentia
1184 3335 1313 3396 cuiuslibet
1326 3338 1405 3387 aulatis
1417 3339 1559 3401 impleverat
1574 3361 1580 3392 z
1593 3348 1659 3404 parte
1674 3345 1758 3394 cirita-

968 3435 999 3483 tis
1015 3433 1105 3497 pubere
1116 3440 1141 3484 εί
1160 3410 1253 3484 virilem
1272 3440 1369 3487 aetatem
1384 3443 1436 3488 lnm
1449 3440 1554 3502 primum
1566 3442 1705 3505 attingente,
1720 3457 1760 3493 ac·

968 3541 1080 3587 currente
1096 3538 1127 3587 ad
1145 3539 1310 3601 'rbeagenem3
1329 3540 1358 3588 ad
1382 3542 1540 3604 Tliyamidem
1562 3557 1632 3606 vero,
1653 3546 1760 3596 llorentis

968 3639 1046 3688 artatis
1070 3641 1095 3688 et
1114 3643 1198 3689 exacta
1219 3636 1368 3691 maturitate*
1385 3643 1449 3691 viros
1472 3645 1653 3703 constituentis,
1677 3653 1749 3711 aitque

969 3740 1041 3787 etiam
1056 3753 1098 3801 per
1110 3744 1208 3789 aurem
1223 3741 1351 3803 Thyamim
1366 3746 1538 3805 cognoscentis.
1574 3751 1646 3797 l’orro
1656 3751 1760 3810 virginea

970 3840 1036 3889 urbis
1048 3840 1140 3903 portio,
1151 3840 1181 3889 de
1191 3855 1279 3903 sponso
1291 3842 1341 3903 jum
1351 3842 1457 3905 cogitans
1467 3880 1473 3903 ,
1482 3844 1511 3893 ad
1522 3845 1672 3896 clrariclenm
1680 3848 1758 3897 στίίτιε·

970 3942 1085 3991 rescebat.
1119 3941 1196 3991 senile
1214 3945 1295 3991 autem
1315 3945 1339 3992 et
1352 3957 1449 3993 sacrum
1466 3957 1541 4004 genus
1560 3946 1638 3994 lotum
1657 3947 1761 4007 stipabat

970 4047 1133 4097 calasiridem.
1167 4050 1247 4109 Atque
1269 4047 1303 4095 ita
1323 4060 1410 4109 pompa
1436 4047 1549 4109 qrraedam
1575 4062 1641 4098 sacra
1665 4053 1761 4114 repenle

971 4153 1124 4210 constiterat,
1137 4163 1193 4199 cum
1202 4148 1318 4211 Thyamis
1330 4153 1470 4200 Bessaenses
1478 4151 1616 4211 remisisset,
1626 4151 1761 4213 gratiasque

971 4251 1017 4300 illis
1030 4264 1073 4314 pro
1085 4252 1174 4299 navata
1192 4251 1238 4300 sibi
1254 4249 1340 4314 cupide
1353 4264 1426 4312 opera
1446 4251 1543 4313 egisset,
1559 4251 1633 4302 bores
1648 4255 1760 4309 centum,

972 4351 1038 4401 mille
1048 4366 1104 4401 τετυ
1112 4366 1170 4402 ores
1181 4355 1206 4402 et
1218 4353 1317 4415 singulis
1330 4352 1414 4402 decern
1429 4353 1557 4403 draclrmas
1569 4355 1650 4416 paullo
1663 4357 1716 4416 post
1730 4353 1760 4402 ad

973 4452 1131 4516 plenilunium
1141 4467 1167 4503 se
1177 4453 1306 4503 missurum
1315 4453 1471 4515 promittens;
1481 4455 1570 4503 collum
1583 4467 1639 4503 τετυ
1651 4452 1762 4502 manibus

974 4553 1047 4617 patris
1060 4553 1188 4614 subjiceret
1200 4556 1225 4602 εί
1234 4553 1324 4603 itineris
1334 4553 1468 4603 molestiam
1479 4553 1570 4602 levaret
1576 4590 1587 4626 ,Ι
1594 4553 1762 4615 incessumque

973 4655 1049 4715 senb,
1058 4666 1107 4716 prae
1115 4652 1234 4715 insperato
1243 4651 1331 4715 gaudio
1342 4652 1430 4701 seusina
1440 4651 1583 4700 dissolutum
1592 4687 1599 4711 ‚
1607 4653 1761 4701 sustentaret.

973 4751 1086 4804 Faciebat
1101 4765 1158 4801 τετυ
1172 4751 1236 4801 idern
1248 4764 1279 4802 ex
1289 4752 1365 4801 altera
1384 4753 1452 4814 parte
1470 4749 1582 4800 Petosiris
1600 4753 1643 4799 :et
1660 4764 1716 4799 cum
1727 4751 1762 4799 la·

975 4857 1043 4906 cibus
1053 4855 1159 4904 accensis
1171 4854 1335 4905 deducebatur
1346 4856 1370 4903 in
1378 4854 1495 4916 templum
1508 4852 1576 4903 isidis
1585 4866 1666 4913 senex,
1679 4853 1762 4916 plausu

975 4963 999 5010 εί
1012 4959 1212 5022 gratulationibus
1223 4959 1341 5020 stipatus,
1356 4955 1439 5005 multis
1459 4955 1530 5005 simul
1545 4954 1631 5005 tistulis
1648 4957 1673 5004 et
1695 4955 1761 5004 tibiis

975 5059 1048 5109 sacris
1064 5058 1245 5119 resonantibus,
1259 5060 1283 5107 ct
1297 5056 1327 5107 ad
1343 5056 1449 5119 tripudia
1468 5055 1601 5106 terrentem
1615 5056 1640 5104 εί
1654 5056 1762 5112 reiectant

975 5163 1072 5213 aetatem
1082 5159 1290 5211 exsuscitantibus
1326 5160 1402 5207 l'orro
1413 5170 1459 5208 nec
1473 5160 1562 5208 Arsace
1578 5169 1593 5206 a
1611 5161 1678 5219 tergo
1688 5154 1760 5202 retru-

1617 5259 1643 5298 aa
