3726 5692
581 410 584 414 .
662 365 775 424 LIBER
796 365 832 426 V.
1502 375 1559 424 299

899 420 913 449 0

106 518 146 554 ων
161 499 207 553 τοῦ
223 493 354 572 δωματίου
367 493 490 575 προήκων
506 492 608 573 ἔπασχε
620 491 668 571 μὲν
683 484 725 552 οἷα
771 515 879 566 egressm
894 514 925 551 ex
937 499 1060 560 conclavi,
1075 512 1157 561 passm
1171 501 1209 549 est
1221 499 1318 563 utique,
1336 513 1391 563 quae
1401 504 1561 552 consentanea

106 608 110 634 ι
124 580 226 662 νύκτωρ
240 584 285 640 καὶ
300 580 407 648 σκότους
420 583 465 640 καὶ
473 583 532 640 κατ’
542 580 625 640 οἰκίαν
641 580 725 657 ἄγνω·
772 593 858 652 erant,
872 592 900 640 ut
914 589 956 653 qui
970 592 1045 638 noctu
1058 590 1083 637 et
1094 588 1119 636 iu
1132 588 1237 638 tenebris
1247 589 1271 637 iu
1284 589 1365 651 ignota
1378 589 1451 639 domo
1466 590 1561 640 oberra-

106 694 141 744 m,
157 669 227 742 πλὴν
250 669 318 729 ἀλλὰ
342 670 430 728 πάντα
444 672 469 747 γ’
484 669 596 746 ύπέμινε
607 668 637 728 τδ
649 669 726 745 δεῖμα
773 683 822 741 ret,
837 682 944 728 attamen
964 677 1046 727 omnia
1058 676 1207 737 sustinebat,
1223 679 1290 726 metu
1310 682 1406 741 propter
1417 678 1522 729 Thisben
1537 684 1562 728 et

106 758 190 831 λίσόης
203 758 248 818 καλ
258 759 306 829 τὴν
315 759 436 818 ὑπόνοιαν
452 757 635 817 ἀποδύσασθαι
647 754 728 815 σπεύ·
773 769 907 832 suspicione
924 779 1056 818 exonerare
1071 780 1097 816 se
1109 765 1290 829 quamprimum
1313 780 1442 829 properans
1462 783 1468 816 ε
1485 767 1561 818 donee

106 848 124 906 u
139 869 204 906 ποτε
216 847 262 906 καλ
275 848 403 913 πολλάκις
413 845 473 913 τοὺς
482 845 578 912 αύτούς
590 849 625 911 ὡς
638 844 727 903 όλλοτ’
773 869 827 907 sero
841 856 940 906 tandem
952 858 977 906 et
996 858 1084 919 sapius
1098 855 1181 905 iisdem
1193 855 1252 906 loeis
1267 857 1384 918 tanquam
1398 856 1423 904 in
1441 856 1493 905 aliis
1511 871 1562 907 sese

106 935 193 994 νύττων
204 935 298 1002 τόπους
308 981 316 1008 ,
327 935 421 1013 ᾔσθετο
432 934 553 1013 γυναικὸς
563 933 689 1014 λαθραῖόν
702 957 729 992 τι
773 944 883 1004 volvens,
896 946 970 995 sensit
982 945 1108 994 mulierem
1120 945 1182 993 clam
1191 946 1217 994 et
1231 943 1365 1005 lugubriter
1376 946 1492 1006 nuquam
1505 959 1561 995 ver-

121 1015 174 1082 οἷον
189 1025 280 1102 ήρινῆς
295 1021 404 1092 ἀηδόνος
418 1021 515 1080 αἴλινον
531 1021 601 1102 ᾠδήν
616 1023 642 1080 έν
654 1019 729 1080 νυκτὶ
773 1032 970 1092 namluseinlam,
980 1032 1107 1094 lrrgubrlet
1116 1032 1369 1082 miserabilieautlleua
1380 1032 1561 1094 lamentantem,

114 1111 157 1171 ἐπ(
171 1134 199 1169 τε
213 1110 242 1168 τό
257 1109 388 1187 δωμότιον
401 1110 451 1168 ὑπὸ
465 1116 510 1169 τοῦ
530 1110 624 1189 θρήνου
637 1132 730 1188 χιιρα-
773 1122 799 1170 et
812 1120 843 1169 ud
856 1120 1029 1170 domunculam
1042 1121 1108 1170 luctu
1123 1122 1191 1183 quast
1207 1134 1279 1170 manu
1298 1120 1387 1170 duetus
1401 1121 1525 1170 contendit
1539 1126 1563 1171 et

115 1198 225 1279 ὥρμησε
236 1197 282 1257 καλ
291 1198 346 1264 ταῖς
356 1198 460 1278 θύραις,
472 1196 530 1256 καθ’
543 1197 557 1256 δ
571 1197 727 1257 συνέπιπτον
775 1208 874 1267 toribus,
889 1223 937 1271 qua
948 1212 1017 1271 parto
1029 1210 1090 1258 inter
1102 1223 1128 1259 se
1141 1209 1363 1267 committebantur,
1380 1223 1463 1259 aurem
1477 1211 1563 1260 admo·

108 1288 122 1346 δ
143 1279 187 1356 od<
205 1286 403 1366 παραθέμενος,
428 1290 577 1366 ἐπηκροᾶτο
599 1285 646 1344 καὶ
660 1285 729 1345 rord-
774 1310 847 1359 reus,
861 1297 986 1359 audiebat,
1005 1299 1096 1360 talique
1109 1298 1182 1348 modo
1196 1297 1276 1348 adhue
1290 1298 1462 1348 lamentantem
1477 1299 1563 1364 depre-

106 1377 184 1437 θανεν
197 1376 236 1435 ἔτι
251 1379 409 1456 θρηνοῦσαν·
423 1375 497 1454 Ἐγὼ
516 1375 538 1433 δ’
551 1379 566 1446 ἡ
579 1375 711 1435 παναθλία
719 1419 728 1447 ,
774 1385 859 1435 heudit
868 1400 875 1434 τ
885 1390 936 1448 Ego
945 1399 1003 1436 rero
1016 1387 1114 1447 misera,
1126 1400 1156 1435 ex
1172 1386 1282 1436 manibus
1294 1388 1437 1450 praedonum
1457 1402 1497 1439 rne
1512 1388 1562 1439 ela·

106 1467 183 1548 ’ρικὴν
203 1463 390 1544 ἐκπεφευγέναι
411 1464 456 1523 καλ
478 1462 614 1544 μιαιρόνον
639 1463 729 1546 ᾠόμην
775 1485 843 1536 mam
866 1472 917 1523 else
940 1476 964 1523 et
985 1477 1088 1524 mortem
1112 1479 1236 1524 cruentam
1261 1478 1425 1538 exspectatam
1454 1477 1563 1539 etiupsse

106 1554 231 1613 πισθέντα
256 1549 472 1631 διαδεδρακέναι,
501 1549 643 1630 βιώσεσθαύ
657 1575 686 1610 τι
699 1551 730 1610 eb
776 1562 909 1612 arbitrabar
917 1565 943 1612 et
953 1567 1063 1613 acturam
1072 1562 1294 1626 medciucepscum
1304 1563 1428 1614 carissimo
1437 1565 1564 1614 erraticam

118 1642 176 1721 ἅμα
195 1644 233 1723 τῷ
261 1639 472 1722 poloniensibus
493 1638 540 1716 μέν
558 1638 604 1698 καὶ
629 1637 730 1710 ἀλήτην
776 1651 874 1713 qrrtdem
888 1650 914 1700 iu
935 1651 1059 1714 peregriua
1074 1654 1138 1700 terra
1155 1653 1243 1711 vitam,
1258 1652 1301 1702 sed
1322 1666 1378 1700 cum
1392 1652 1434 1701 illo
1447 1653 1563 1702 auarbsi-

112 1731 170 1807 μετ’
192 1728 290 1789 ἐκείνου
311 1728 462 1807 γιγνόμενον
484 1727 601 1800 ἥδιστον.
645 1727 730 1787 Οὐδὲν
776 1753 842 1789 ruam
862 1741 978 1789 tuturam.
1011 1739 1076 1789 Nihil
1090 1742 1127 1789 est
1142 1740 1205 1789 euim
1220 1741 1279 1789 mihi
1296 1742 1346 1790 tarn
1361 1741 1507 1801 molestum,
1522 1743 1565 1791 aut

107 1819 166 1895 ἐμοὶ
186 1816 316 1897 χαλεπόν,
332 1815 346 1874 δ
365 1815 402 1891 μή
416 1817 473 1891 μετ’
489 1817 586 1874 ἐκείνου
608 1814 730 1895 ρορητόν.
776 1841 860 1890 grave,
872 1828 938 1890 quod
950 1841 999 1877 uon
1008 1841 1065 1877 eum
1075 1828 1156 1877 illusit
1165 1828 1297 1878 tolerabile.
1331 1831 1494 1879 noncautem
1504 1843 1565 1879 uou-

106 1907 174 1966 δέπω
186 1904 373 1985 κεκορεσμένος
390 1907 426 1981 (ὁ)
438 1903 485 1981 ἐμὲ
498 1904 609 1984 έὶαρχῆς
619 1901 732 1984 εἰληχὼς
777 1916 837 1964 dum
848 1916 976 1978 satiatum,
988 1917 1054 1980 quod
1068 1916 1099 1965 ab
1111 1917 1181 1966 initio
1196 1917 1295 1966 sortitus
1304 1931 1374 1978 snm,
1387 1931 1494 1979 numen,
1507 1933 1564 1970 cum

106 1996 173 2077 ικρδν
187 1999 239 2053 τῶν
261 1993 346 2065 ἡδέων
361 1992 517 2070 ὑποθέμενος
538 1984 585 2053 εἶτ’
599 1993 729 2065 ήπύτησε.
778 2017 864 2068 parum
880 2004 982 2065 jucundi
993 2008 1169 2069 proposuisset,
1191 1997 1273 2055 rurau's
1287 2005 1386 2069 decepit
1419 2008 1566 2058 servitutem

106 2108 154 2155 κην
164 2081 361 2164 ἐκπεφευγέναι,
370 2081 416 2140 καὶ
429 2082 543 2140 δουλεύω
553 2083 580 2141 δὲ
590 2083 678 2140 πόλιν·
689 2084 732 2141 δε·
778 2104 819 2141 rue
827 2093 938 2154 ettugisse
943 2092 1121 2153 existimabam,
1133 2096 1160 2142 at
1168 2093 1248 2142 servio
1259 2107 1355 2154 rursus;
1366 2108 1496 2156 carcerem,
1506 2097 1565 2144 etin
1661 2128 1663 2132 v

120 2172 165 2231 καὶ
175 2175 347 2253 ρρουροῦμαι·
360 2173 438 2238 νῆσος
451 2160 506 2248 εἶχέ
518 2192 551 2246 με
565 2167 610 2227 κοιλ
626 2169 731 2241 σκότος,
778 2180 888 2231 custodia
908 2181 1027 2230 detineor.
1060 2181 1139 2230 lusula
1153 2194 1193 2230 me
1213 2180 1299 2232 babuit
1312 2185 1383 2232 autea
1403 2185 1429 2233 et
1442 2184 1566 2234 tenebrae:

106 2270 128 2319 iv
138 2261 254 2333 ἐκείνοις,
270 2259 442 2338 ἀληθέστερον
456 2260 478 2314 δ’
489 2257 570 2316 εἰπεῖν
579 2256 626 2316 καλ
640 2258 730 2337 πικρό·
778 2282 884 2332 presens
901 2271 979 2319 status
991 2268 1026 2318 illl
1038 2270 1088 2330 μω
1100 2271 1136 2319 est
1155 2268 1252 2330 similis,
1265 2271 1318 2332 rel,
1332 2274 1359 2318 ut
1378 2271 1460 2320 verius
1471 2272 1567 2332 dinam,

106 2351 138 2409 ,αλ
156 2349 314 2429 βουλομένου
328 2348 374 2408 καλ
390 2346 532 2423 δυναμένου
547 2351 631 2404 ταῦτα
644 2370 732 2426 παρα·
778 2359 851 2407 etiam
862 2357 980 2419 acerbior,
992 2371 1021 2407 eo
1032 2361 1074 2420 qul
1089 2357 1142 2406 baee
1155 2358 1319 2408 consolatione
1334 2359 1406 2408 lenire
1416 2361 1441 2408 et
1452 2358 1566 2409 rotriisset

106 2438 315 2517 κεχωρισμένον·
338 2438 468 2507 σπήλαιον
480 2427 511 2507 ήν
532 2459 577 2513 μοι
590 2437 731 2517 λῃστρικὸν
778 2445 803 2493 et
817 2445 932 2506 potuisset
945 2449 1135 2507 separatoame
1148 2448 1173 2496 et
1186 2447 1278 2496 arrrlsu.
1311 2449 1413 2497 Antrum
1426 2446 1567 2509 praedonum

106 2530 236 2585 ιελθοῦσαν
247 2525 424 2604 καταγώγιον,
441 2525 534 2584 ἄδυτον
544 2526 589 2584 καὶ
602 2525 733 2607 βάραθρον
779 2534 832 2594 die,
844 2535 887 2596 qui
900 2536 1035 2597 praecenit,
1048 2534 1206 2584 diversorium
1221 2535 1280 2583 mibi
1294 2534 1357 2584 luit:
1374 2536 1481 2586 internus
1493 2540 1517 2586 et
1528 2537 1569 2587 ba·

108 2615 309 2694 ἄλλ’ἣτόροςή
325 2608 604 2692 οἶκησις;Ἐπεκούριζε
614 2614 659 2674 καλ
673 2621 733 2673 ταῦ·
780 2626 903 2682 ratbrum,
918 2622 1023 2685 denique
1034 2622 1091 2685 quid
1105 2623 1169 2671 uliud
1184 2635 1258 2685 quam
1269 2623 1406 2685 sepulcrum
1422 2623 1463 2673 illa
1477 2623 1568 2674 babita-

115 2702 256 2762 ὁπύντων
277 2702 336 2779 ἐμοὶ
351 2702 482 2782 φίλτατος.
525 2703 599 2762 Ἐκεῖ
623 2702 670 2778 μὲν
688 2701 733 2760 καλ
779 2715 831 2763 tiot
852 2714 969 2763 ceterum
990 2715 1015 2761 et
1029 2710 1081 2759 lraee
1103 2712 1212 2760 omnium
1230 2711 1289 2761 mibi
1310 2712 1447 2761 carissimus
1465 2726 1569 2775 praesens

107 2816 171 2864 νησε
186 2792 232 2851 κοιλ
254 2795 410 2863 τεθνεῶσαν,
425 2796 459 2857 ὡς
482 2790 558 2870 ᾤετο,
578 2791 733 2870 ἐδάκρυσεν·
781 2800 884 2851 levabat.
918 2800 970 2848 illic
983 2802 1008 2848 et
1021 2800 1143 2848 virentem
1157 2800 1220 2848 luxit
1234 2802 1258 2848 et
1278 2802 1375 2862 propte-r
1389 2804 1526 2863 mortuam,
1542 2807 1570 2853 ut

106 2882 169 2953 ,ε’νην
196 2879 346 2953 ἐπένθησεν.
392 2879 586 2957 Ἀπεστέρημαι
609 2879 664 2938 νυνὶ
688 2877 734 2937 καὶ
781 2890 890 2948 rebatur,
907 2887 1137 2949 lacrimasproludit
1150 2891 1174 2936 et
1187 2893 1302 2949 tanquam
1323 2887 1473 2939 interiectam
1486 2890 1569 2952 deplo-

106 2969 213 3050 Οἴχεται
231 2973 244 3027 ό
260 2968 383 3034 κοινωνὸς
401 2972 453 3025 τῶν
466 2967 676 3046 δυστυχημάτων
689 2967 734 3026 καλ
781 2979 851 3027 ravit.
884 2976 1042 3026 Nuncetbis
1057 2975 1215 3024 surnorbata.
1248 2978 1312 3025 Perit
1324 2979 1443 3041 particeps
1460 2992 1568 3027 mearum

106 3061 193 3130 ,πάθη
211 3059 275 3137 πρός
290 3082 323 3135 με
346 3059 496 3134 νεμόμενος,
540 3056 612 3134 Ἐγὼ
627 3055 654 3114 δὲ
668 3056 733 3134 μόνη
782 3065 961 3125 calamitatum,
974 3076 1071 3113 mecum
1082 3063 1178 3113 dolores
1193 3065 1309 3127 tunquam
1326 3080 1399 3115 onera
1412 3067 1493 3128 partiri
1512 3068 1568 3115 soli-

107 3192 115 3219 ,
136 3147 306 3225 αἰχμάλωτος
322 3147 368 3204 καὶ
391 3147 561 3223 πολύθρηνος,
573 3144 656 3223 τύχης
672 3147 735 3222 βου-
782 3160 830 3205 tus.
863 3158 914 3217 Ego
925 3157 1007 3202 autem
1016 3153 1067 3201 sola
1079 3154 1104 3201 et
1116 3151 1209 3201 deserta
1218 3157 1243 3202 et
1254 3154 1349 3215 captiva
1360 3158 1385 3203 et
1397 3155 1480 3204 multis
1493 3155 1571 3204 modis

106 3244 191 3314 πικρᾶς
205 3235 342 3311 ἐκκειμένη
356 3233 402 3293 καλ
422 3237 467 3305 ζῆν
478 3232 542 3300 τέως
551 3233 735 3313 ἀνασχομένη,
783 3243 931 3309 deploranda
944 3243 1073 3302 relinquor,
1086 3241 1179 3290 acerbae
1189 3241 1294 3291 tortuuce
1304 3242 1404 3292 arbitrio
1416 3244 1535 3305 exposita,
1546 3248 1572 3294 et

106 3331 223 3482 τὴεριεῑνριι
242 3322 469 3433 τὸιννγλυκύταρον
493 3323 601 3468 έλτρύζιρ,
651 3319 733 3468 'ml'
782 3347 812 3385 eo
823 3335 919 3384 tautum
933 3330 1143 3470 ritagdretiueus,
1154 3331 1219 3393 quod
1239 3331 1456 3471 culpetrstigemessre
1474 3333 1571 3471 attissi-

106 3435 268 3485 ,,πουποτ
288 3436 303 3469 α
323 3436 381 3471 ατυ
421 3432 555 3488 noctque
588 3433 642 3468 εσε
674 3432 695 3467 ιε
713 3442 737 3467 .·
783 3435 851 3472 rnurn
866 3435 945 3484 spero.
1030 3432 1286 3480 ,oauimamea‚ur
1308 3434 1337 3470 au
1356 3435 1432 3472 emes
1458 3435 1489 3471 au
1515 3436 1571 3484 quae

111 3497 176 3579 Ἆρα
190 3500 227 3574 μή
238 3500 283 3577 καλ
296 3435 481 3578 αύτὸς,γύῐμοι,
498 3498 636 3570 δουλεύεις,
648 3497 678 3556 τδ
693 3497 737 3574 μό·
783 3514 808 3562 te
820 3511 915 3573 excepit
935 3509 1047 3559 tortuua?
1060 3513 1095 3558 Au
1116 3513 1141 3559 et
1154 3509 1220 3572 ipse,
1239 3509 1276 3560 bei
1295 3510 1370 3560 mtbil
1385 3513 1476 3573 serris,
1496 3512 1572 3563 libero

106 3613 139 3646 ων
157 3588 203 3647 καὶ
220 3588 379 3660 ἀδούλωτον,
392 3589 462 3659 πλὴν
485 3588 589 3664 ἔωτος,
643 3585 736 3664 ’νημα;
783 3600 866 3649 animo
887 3600 913 3648 et
933 3598 1056 3648 servitutis
1080 3598 1236 3661 impatiente,
1254 3601 1340 3662 prmter
1362 3600 1463 3662 amoris,
1482 3600 1571 3663 prmdi·

106 3675 123 3735 ,ό
132 3700 163 3754 γε
174 3675 253 3753 μόνον
261 3676 307 3733 καὶ
317 3675 425 3735 θεάσαιό
435 3610 669 3747 rerepente&
678 3676 737 3747 σήν·
784 3691 840 3739 tuat
850 3687 897 3738 sed
906 3688 1026 3750 superstes
1038 3686 1071 3735 sis
1081 3688 1177 3735 tantum
1189 3688 1214 3734 et
1223 3685 1355 3749 conspicias
1363 3686 1494 3748 aliquando
1506 3689 1573 3737 Tiris-

106 3788 137 3841 με
150 3765 327 3830 καλὲσῑῑςκαλ
359 3764 375 3835 ὴ
407 3765 469 3823 ουλό
492 3787 556 3830 etot·
785 3777 831 3827 ben
843 3779 919 3825 tuam.
953 3778 990 3825 lta
1004 3775 1067 3824 euim
1083 3789 1122 3824 me
1136 3773 1234 3823 vocabis
1249 3773 1322 3823 etlam
1336 3773 1429 3823 uolens.

106 3853 163 3912 ιέτι
175 3852 297 3932 κατέχειν
307 3770 569 3933 αύύδνβέκαρύέρησεν
582 3856 596 3911 θ
607 3853 735 3930 Κνήμων,
816 3867 859 3914 ltl.
877 3868 929 3914 lton
945 3864 1048 3926 amplius
1067 3876 1093 3913 ae
1107 3862 1230 3913 continere
1247 3862 1326 3924 potuit
1338 3865 1464 3924 Cuemou,
1477 3868 1505 3912 ut
1521 3865 1574 3915 lime

110 3943 232 4015 ἤκουσεν,
248 3943 300 4001 οὐδ’
318 3943 440 4018 ὑπέμεινε
461 3941 571 4013 τὴντῶν
590 3943 738 4002 ὑπολοίπων
785 3958 890 4018 audivit,
904 3969 982 4022 neque
996 3956 1157 4021 exspectabat,
1172 3959 1199 4005 ut
1214 3956 1305 4018 reliqua
1316 3956 1422 4017 audiret,
1435 3957 1477 4008 sed
1486 3972 1516 4008 ex
1527 3960 1574 4022 pri·

111 4033 170 4090 ffl'
188 4033 219 4090 ἐκ
239 4035 290 4090 τῶν
305 4031 417 4110 πρώτων
443 4030 520 4111 ἕτερα
537 4031 693 4104 ὑπονοήσας,
710 4035 739 4090 ἐκ
786 4054 833 4102 rnis
845 4052 892 4101 ulia
903 4039 1045 4115 suspicatus,
1056 4065 1087 4100 ex
1097 4049 1135 4099 bis
1147 4052 1229 4099 autem
1242 4064 1298 4112 quse
1310 4051 1356 4100 sub
1369 4051 1442 4102 finem
1455 4053 1573 4115 audierat,

106 4120 170 4189 b⁰⁰<
188 4119 236 4191 ‘tlt
253 4119 359 4190 Θῖῦὸθν
374 4110 440 4177 ‘llll
456 4124 493 4199 τῷ
513 4119 568 4179 6⁹²²
580 4123 739 4198 πῑστῑύσαςν
786 4148 891 4198 Thisben
905 4160 956 4197 esse
966 4160 1063 4209 prorsus
1072 4148 1196 4207 statuens,
1209 4153 1295 4206 parum
1307 4146 1391 4197 aberat
1403 4149 1460 4209 quin
1474 4149 1576 4198 collabe·

113 4209 204 4319 ἐδέθη
219 4213 411 4320 χαῗξνῑλῗῇναξ
422 4209 485 4313 Ὗ,
503 4211 595 4318 αὐταῖς,
606 4211 698 4289 Ψήῑδόν
714 4234 739 4268 ¹¹
787 4246 853 4292 retur
869 4241 933 4305 apud
953 4241 1017 4304 ipsas
1029 4239 1203 4303 pmpemodum
1222 4241 1293 4289 sores.
1326 4243 1440 4291 Ceterum
1462 4257 1518 4292 cum
1535 4245 1574 4292 rix

106 4323 120 4363 ἶ·
153 4303 306 4404 κΑντωΥ-ων
328 4314 488 4410 οεχαλεπωξ
501 4297 547 4355 καὶ
567 4300 619 4405 ὄξει
643 4304 688 4409 ἰοῦ
702 4298 739 4407 μή]
788 4337 1005 4395 restitisset,metu
1017 4335 1181 4396 neabaliuuo
1193 4334 1420 4397 deprehenderetur,
1433 4337 1498 4398 (jam
1511 4337 1575 4386 enim

115 4387 231 4498 mmf'
253 4388 319 4464 (καὶ
333 4387 384 4466 γὰρ
401 4387 445 4493 m}
467 4389 634 4493 αλεκτρυονξς
647 4389 696 4494 ηῗη
712 4411 741 4498 ³?
788 4433 844 4496 galli
858 4431 965 4482 meundo
979 4430 1141 4491 oociuebaut)
1159 4430 1251 4493 aufugit
1268 4431 1370 4493 lapsaus,
1383 4433 1408 4481 et
1426 4444 1490 4479 nunc
1505 4431 1577 4493 pedes

107 4477 149 4534 δον
158 4479 179 4553 )'
199 4475 522 4585 “nfiffszssffm‘uffw‘
534 4475 579 4585 ,ἰαὶ
591 4499 636 4584 ήυν
648 4499 695 4552 μεν
704 4499 742 4534 τω
789 4526 927 4587 otl'endens,
941 4538 1007 4573 nunc
1020 4536 1078 4572 vero
1090 4523 1117 4571 iu
1124 4524 1230 4595 parietes
1240 4523 1321 4573 subito
1333 4522 1439 4573 incidens
1451 4526 1476 4572 et
1483 4523 1533 4584 iam
1547 4525 1576 4573 li·

106 4563 226 4675 zm‘ffl'
244 4589 294 4677 «νυν
314 4578 341 4671 of
359 4588 412 4630 τως
424 4588 521 4689 ,τοίχοις
544 4568 636 4671 αθρνοον
660 4564 746 4671 ἐμή-υ
789 4623 894 4673 minibus
904 4620 1005 4682 superis,
1015 4619 1065 4680 jam
1079 4617 1154 4680 rasis,
1169 4617 1246 4669 daubi
1258 4618 1319 4669 torte
1337 4617 1443 4680 laqueari
1455 4617 1577 4682 depende·

106 4676 164 4779 ῗύτῑ
180 4651 227 4766 δήέν
242 4657 404 4761 ‘mpetum'
419 4676 478 4798 {ps
493 4651 520 4709 δὲ
534 4650 686 4761 mewa
700 4674 746 4799 ἔπῃ
790 4719 862 4779 bant,
881 4717 954 4778 caput
976 4713 1118 4776 impingens.
1152 4715 1215 4762 cum
1237 4715 1320 4762 autem
1339 4712 1370 4761 ad
1387 4712 1577 4778 domunculam,

106 4764 343 4887 ,ἱηζχηεξητνοοῐῖζ
356 4764 428 4885 KZ}
452 4764 697 4898 &magra
713 4764 743 4885 x:
790 4813 830 4861 ubi
847 4810 1008 4865 diverterant,
1030 4807 1129 4869 longum
1148 4805 1246 4855 tandem
1258 4808 1313 4867 post
1330 4819 1436 4856 errorem
1457 4808 1577 4870 veniisset,

106 4942 114 4982 t
154 4920 186 4976 ,γρ
204 4853 306 4977 όοῑηργπγ
328 4853 381 4975 ,μή
396 4916 469 4974 εγω,
489 4868 679 4994 καταφέριεταμ
698 4853 744 4975 ,Ἐγ
791 4907 906 4955 contiuuo
917 4906 942 4952 iu
956 4903 1045 4952 lectum
1057 4901 1167 4950 corruit:
1187 4902 1211 4949 et
1227 4900 1301 4962 ipsius
1318 4900 1416 4962 quidem
1428 4914 1516 4964 corpus
1529 4906 1578 4953 tre·

106 4965 138 5064 ρ’,
151 4942 230 5083 <5ch
248 4958 432 5084 mpu53¹ff72‚
450 4962 500 5061 ’τῶν
517 5006 539 5061 δ’
555 5003 664 5062 ὀδόντων
675 5003 745 5084 ἄρα.
791 5014 844 5048 mor
858 4996 1000 5056 invadebat,
1017 4995 1127 5044 dentium
1145 4996 1227 5042 autem
1246 4993 1323 5043 multa
1341 4994 1432 5045 collisio
1451 4997 1577 5048 existebat.

109 5095 232 5174 ἐγίγνετο.
279 5064 449 5173 Κδιὶτᾶχ”ἂν
463 5093 507 5149 καὶ
523 5093 682 5172 εἰςέσχατσν
697 5084 746 5167 {ffi-
793 5099 822 5145 ut
835 5096 934 5143 tortasse
944 5093 974 5142 ad
990 5095 1126 5140 extremum
1139 5089 1273 5151 periculum
1285 5087 1427 5152 devenisset,
1442 5091 1487 5140 uisi
1498 5093 1579 5142 statim

106 5207 131 5259 υ,
153 5187 175 5242 sl
198 5183 235 5260 μή
256 5190 348 5242 θᾶττον
371 5188 383 5241 ὁ
406 5182 551 5257 Καλύσιρις
573 5181 744 5261 αἰσθόμενος,
791 5188 916 5251 calasiris,
935 5191 1064 5251 postquam
1081 5185 1106 5234 id
1125 5184 1213 5245 sensit,
1229 5183 1325 5234 assidue
1345 5183 1414 5235 illum
1436 5186 1535 5237 fovisset
1555 5192 1579 5237 et
