3726 5692
832 119 947 178 LIBER
970 120 1022 177 lv.
1684 142 1739 189 aaa

114 253 176 308 κίεν
192 251 238 310 καί
255 249 335 308 πλέον
345 248 392 318 τὴν
407 245 524 317 εύνοιτιν;
539 249 567 304 οὐ
579 247 661 325 πατρὶ
676 248 713 326 τῷ
729 249 766 326 σῷ
778 245 909 324 γνώριμος
954 254 1112 315 iureiurando
1133 253 1286 304 obstrictum.
1325 258 1371 306 Dic
1391 258 1548 320 confidenter,
1570 275 1647 324 neque
1667 264 1742 314 dolori

114 339 161 397 καὶ
176 329 327 418 δμύύύχος,
341 336 446 416 ίκφαινε
461 334 474 392 ὃ
487 334 605 409 κάμνεις.
662 331 754 413 Ἔχεις
767 336 793 390 ἐν
807 334 866 410 ἐμοὶ
878 333 907 389 τὸ

115 427 219 499 πιστὸν,
241 431 263 485 εἰ
278 424 367 505 βούλει
390 424 435 481 καί
461 423 602 498 ἐνώμοτον,
646 423 718 499 Λέγε
738 421 906 501 θαρσήσασα,

116 515 184 588 μηδὲ
196 513 309 594 χορήγει
322 516 359 592 τῷ
371 513 496 570 λυποῦντι
510 511 618 587 μέγεθος
633 514 770 570 σιωπῶσα.
817 510 905 574 Πάθος

119 602 170 682 γὰρ
192 603 266 661 άπαν
284 602 314 660 τὸ
334 600 381 675 μέν
397 600 474 667 ὀξέως
498 598 708 677 γιγνωσκόμενον
733 597 904 672 εὐόοήθητον,
954 601 1083 651 veterascit
1106 601 1279 663 propemodum
1300 606 1336 652 ast
1360 603 1506 653 insanabilis.
1538 607 1686 657 alimentum
1706 614 1743 660 est

117 689 186 750 ὡδί
205 691 294 771 λίὼῳ
307 688 551 794 '‘iiii‘mlfllff'll‘lov
566 688 776 795 {iibif'l'mb
814 686 906 791 Τρθέζῆ
954 721 1018 770 enirn
1028 719 1170 770 morborum
1179 722 1439 786 silentium,sodquod
1452 726 1598 789 enuntiatur,
1609 728 1678 778 leniri
1688 743 1742 779 con·

119 778 170 860 γάρ
181 780 265 840 νόσων
285 782 303 850 ἡ
326 777 432 854 σιωπὴ,
447 800 476 835 το
496 776 523 834 δὲ
545 777 737 853 έκλαλουμενον
752 800 906 855 ευπαροιμυ·
953 842 1070 892 solatione
1085 843 1154 892 mene
1165 845 1245 906 potest

163 956 211 1034 ς’.
226 942 335 1032 Ὀλίγον
347 942 392 1012 οῦν
408 955 555 1031 ἐπισχοῦσα
573 951 638 1032 πρδς
655 958 738 1011 ταῦτα
754 950 800 1010 καὶ
815 949 908 1028 μυρίας
985 964 1027 1011 vl.
1046 962 1185 1013 paullulum
1198 963 1270 1026 igitur
1283 965 1412 1016 immorata
1423 967 1455 1016 ad
1466 968 1519 1018 hoec
1537 973 1653 1021 etruriae
1668 974 1742 1023 animi

106 1050 166 1113 ιτυῦ
178 1050 223 1104 νοῦ
233 1043 333 1124 τροπάς
342 1065 371 1100 τε
385 1041 431 1099 καί
443 1039 527 1119 ὁρμάς
537 1044 567 1100 ἐκ
580 1045 634 1099 τῶν
650 1040 735 1120 ὄψεων
749 1040 906 1119 ἐμφήνασα,
954 1049 1119 1100 inclinationes
1135 1056 1160 1101 et
1177 1052 1280 1103 aflectus
1293 1054 1362 1105 vultu
1382 1055 1522 1118 declarans,
1540 1061 1651 1111 Concede
1667 1063 1742 1122 milri,

132 1132 309 1215 Σεγγῶρησον,
326 1130 393 1210 ἔφη,
409 1153 453 1207 μοι
467 1129 497 1187 τὸ
509 1128 636 1207 τήμερον,
659 1129 759 1201 άκούση
782 1131 803 1186 δ’
818 1131 906 1186 aloes·
953 1138 1045 1200 iuquit,
1059 1139 1204 1191 hodiernum
1217 1142 1295 1203 diem,
1307 1143 1390 1194 audies
1402 1157 1461 1194 vero
1475 1149 1571 1209 postea,
1582 1148 1627 1198 nisi
1639 1150 1690 1212 ipae
1703 1164 1744 1200 an·

135 1225 202 1295 tiqui
215 1221 253 1300 μὴ
264 1219 353 1299 γνοίης
367 1215 521 1298 προλαύὼν,
539 1216 585 1275 άτε
598 1218 724 1292 μαντικὸς
735 1195 800 1276 είναι
814 1216 909 1296 βουλό·
953 1230 992 1277 tea
1009 1229 1165 1291 cognoveris,
1186 1231 1381 1294 quandoquidem
1395 1234 1541 1284 vaticinandi
1557 1238 1615 1286 artie
1637 1239 1742 1300 peritum

139 1333 206 1387 ρινος.
245 1309 353 1387 Ἐξῄειν
374 1306 482 1366 αὐτόθεν
506 1305 639 1382 ἀναστὰς,
662 1306 775 1374 ἐνδιδοὺς
791 1310 824 1386 τῇ
840 1304 905 1385 κόρῃ
954 1318 1115 1380 teprotiteris.
1148 1320 1247 1369 surrexi
1265 1320 1329 1370 illico
1340 1335 1369 1370 ac
1381 1322 1506 1373 discedens
1524 1323 1580 1373 dedi
1592 1327 1742 1376 occasionem

141 1409 252 1478 διαιτῆσαι
271 1408 299 1464 ἰν
313 1409 353 1485 τῷ
369 1402 467 1479 μεταξὺ
481 1407 527 1473 τῆς
543 1404 671 1483 ψυχῆςτί)
686 1402 850 1479 αἰδούμενον.
873 1401 908 1462 ‘0
954 1406 1053 1468 puellae,
1068 1409 1097 1456 ut
1112 1406 1209 1457 interim
1223 1408 1295 1457 animi
1318 1410 1433 1471 pudorem
1448 1411 1625 1463 moderaretur.
1659 1413 1742 1463 cbari-

120 1494 165 1556 ιδί
179 1495 307 1576 Χαρικλῆς
325 1492 430 1564 ὑπήντα
450 1492 495 1550 καὶ
514 1493 550 1552 Τί
573 1494 678 1573 φράζειν
697 1490 781 1570 ἔχεις,
802 1490 904 1570 ἠρώτα.
954 1493 1006 1544 cles
1023 1498 1105 1545 aretem
1119 1495 1178 1544 milri
1197 1497 1340 1546 occurrebat
1351 1499 1376 1546 et
1389 1498 1454 1556 Quid
1473 1499 1561 1560 habes,
1576 1501 1641 1562 quod
1663 1501 1742 1561 dicas,

106 1654 108 1659 Ι
146 1581 336 1655 limesheia,
350 1581 451 1659 ἔλεγον,
472 1583 507 1646 εἰς
521 1579 573 1661 γὰρ
587 1579 634 1650 τὴν
647 1581 787 1660 ὑστεραίαν
800 1586 846 1639 τοῦ
860 1579 908 1657 μὲν
954 1583 1084 1644 quaerebat.
1116 1583 1204 1633 omnia
1222 1584 1314 1643 fausta,
1335 1584 1464 1637 dicebam:
1480 1600 1535 1637 cras
1555 1588 1619 1637 enim
1641 1588 1742 1649 dolore,

106 1734 108 1743 Ι
146 1673 256 1750 δγλοῦνπος
270 1671 369 1737 πάθους
389 1667 582 1735 ἀπαλλάξεται.
624 1665 737 1748 Ἕτερον
759 1666 787 1726 δέ
807 1691 832 1726 τι
856 1670 909 1725 τῶν
954 1671 995 1732 qui
1022 1671 1054 1719 illi
1077 1670 1193 1720 molestus
1213 1673 1263 1733 est,
1282 1672 1430 1725 liberabitur.
1464 1677 1495 1725 Et
1519 1676 1584 1725 uliud
1604 1676 1740 1740 quidpiam,

106 1748 108 1773 ¹
146 1780 177 1819 ιιι
190 1762 239 1819 καθ’
262 1756 359 1830 ἡδονὴν
381 1756 575 1828 ύποστήσεται·
600 1757 695 1814 κωλύει
719 1756 742 1813 δ’
768 1755 841 1814 οὐδὲν
863 1753 908 1813 καὶ
954 1771 985 1807 ex
1000 1771 1048 1819 quo
1067 1759 1217 1822 voluptatem
1234 1773 1347 1823 magnam
1365 1764 1524 1826 percepturus
1544 1778 1583 1823 es,
1603 1766 1741 1828 inceptabit.

106 1788 110 1923 ί
149 1847 213 1926 lapis
228 1870 286 1905 τινα
303 1847 446 1905 εἰσκαλεῖν.
488 1843 644 1922 Ἀπέτρεχον
666 1842 740 1903 ταῦτ’
756 1841 849 1919 είπὼν,
863 1848 908 1901 τοῦ
956 1849 1050 1896 interea
1072 1847 1131 1896 nibil
1147 1851 1225 1908 vetet,
1239 1862 1289 1911 quo
1305 1851 1387 1900 minus
1406 1851 1526 1901 medicum
1543 1855 1633 1904 accersi
1647 1854 1741 1915 jubeas.

106 1940 110 1997 ί
126 1932 276 2008 ιρίτιπλέον
290 1931 336 1991 τδν
345 1930 484 2010 Χαρικλέα
496 1930 685 1990 πυνθάνεσθαι.
701 1931 803 2012 Μικρὸν
816 1932 839 1989 δ’
849 1929 909 1990 όσον
954 1936 1032 1997 eique
1052 1935 1089 1984 bis
1102 1935 1173 1986 dictis
1188 1937 1296 2000 proripui
1316 1951 1369 2000 me,
1388 1952 1419 1989 na
1433 1939 1503 2002 plura
1516 1954 1546 1990 ex
1569 1955 1607 1990 me
1623 1943 1744 1993 chariclea

150 2019 310 2097 ιοῦδιιματίου
327 2018 464 2096 προήκων,
480 2022 533 2099 όρῶ
552 2017 597 2077 τὸν
613 2018 751 2094 Θεαγένην
764 2021 845 2076 αὐτοῦ
859 2041 909 2076 που
953 2025 1125 2075 sciscitaretur.
1158 2027 1189 2074 et
1202 2039 1258 2075 eum
1274 2026 1398 2088 paululum
1410 2030 1504 2079 tautum
1516 2043 1655 2092 progressus
1667 2045 1743 2081 essem

151 2107 318 2187 aspiraremus
335 2107 381 2166 καί
398 2106 442 2166 τὸν
459 2107 599 2185 περίύολον
622 2107 771 2182 εἱλούμενον
787 2105 910 2182 καὶπρὸς
954 2115 1023 2161 extra
1038 2112 1225 2175 domunculam,
1240 2113 1309 2164 rideo
1325 2115 1478 2179 Tbeagenem
1493 2117 1582 2168 ibidem
1601 2119 1666 2169 cirea
1680 2124 1742 2170 terrr-

152 2194 209 2255 ιίτδν
219 2197 410 2276 διαλεγόμενον,
427 2193 517 2276 ὥσπερ
538 2199 662 2274 ἀποχρῶν
687 2195 818 2275 αὐτῷκαὶ
833 2194 909 2270 μόνον
955 2201 1022 2263 plum
1039 2203 1064 2251 et
1077 2201 1197 2252 ambitum
1213 2202 1299 2265 templi
1311 2203 1508 2255 obambulantem
1522 2211 1548 2257 et
1567 2218 1650 2258 secum
1668 2209 1743 2259 eollo·

152 2280 288 2358 «διοίκησιν
298 2290 347 2356 τῆς
361 2283 521 2363 Χαρικλείας
533 2292 715 2364 περισκοπεῖν.
760 2283 908 2362 ’ll-raperes·
955 2292 1214 2354 quantem,tanquam
1230 2291 1294 2341 bono
1309 2305 1335 2341 se
1349 2293 1577 2356 allectumputans,
1591 2297 1611 2346 si
1624 2298 1661 2347 rel
1674 2297 1743 2348 babi-

106 2358 208 2445 ξίῦιιιτις
223 2369 264 2434 οῦν
288 2371 414 2453 eupoleos,
435 2369 525 2451 ὥσπερ
547 2375 596 2453 οὐχ
623 2371 753 2454 ἑωρακώς.
805 2370 840 2431 Ὁ
866 2371 910 2442 δὲ,
956 2380 1064 2430 taculum
1074 2379 1319 2431 Charicleoerideret.
1352 2381 1743 2449 Dedeetenslgiturpreeteribam,

152 2453 324 2541 διὀιμῖπεν,
338 2439 362 2519 ί)
378 2460 512 2538 Καλάσιρι
526 2462 571 2519 καὶ
585 2460 682 2521 άκουε·
701 2460 729 2518 σὲ
743 2460 795 2540 γάρ
809 2482 849 2518 τοι
862 2482 910 2517 πε·
956 2469 1024 2531 quasi
1039 2469 1368 2531 illumnonconspexissem.
1401 2470 1642 2534 lllaautem,Salve‚
1656 2475 1744 2538 inquit,

153 2546 255 2625 γέρανον,
291 2549 463 2630 Ἀνέστρεφον
478 2549 571 2627 ἀθρόον
586 2550 631 2607 καὶ
645 2548 909 2625 Θεαγένης,έλεγον,
956 2556 1107 2615 calasiri,et
1120 2557 1197 2608 audi:
1214 2561 1239 2608 tc
1252 2558 1317 2608 enim
1331 2560 1509 2622 exspectabam.
1544 2564 1680 2614 θυοτατιον
1702 2578 1743 2614 su·

106 2682 111 2703 .
152 2633 245 2713 ίιιλλς,
266 2640 326 2698 δλλ’
345 2640 397 2717 οὐχ
417 2638 553 2716 ἑωράκειν.
598 2640 695 2710 Ποῑος,
711 2638 779 2717 ἔφη,
804 2636 912 2702 καλδςό
957 2645 1020 2704 bilo,
1034 2647 1097 2694 Eece
1108 2645 1410 2708 Theogenem,dicebem,
1424 2649 1564 2699 formosum.
1598 2653 1651 2701 Non
1666 2652 1745 2703 hercle

106 2712 109 2747 ¹
152 2719 270 2810 deportata⁸
290 2725 327 2804 μὴ
351 2726 473 2806 α’ρεστόςς
499 2726 683 2804 Ἠγανάκτουν
700 2724 752 2803 ἐγὼ
768 2722 846 2803 μέχρι
859 2727 910 2781 τῶν
957 2735 981 2782 ιε
994 2732 1219 2783 animadverteram.
1242 2735 1301 2792 .Qul
1318 2736 1745 2801 lormosus,inquit,qulcbaricleae

106 2750 323 2897 >''tisasrcaitb’r
339 2814 431 2894 παύογΙ
449 2814 554 2891 έλεγον,
569 2814 681 2895 ὑόρίζων
698 2813 745 2886 ἐμέ
757 2835 784 2870 τε
800 2811 846 2870 καὶ
863 2810 911 2884 τὴν
957 2833 1006 2870 non
1020 2821 1143 2884 placeam?
1157 2823 1304 2873 simulabam
1319 2825 1388 2874 vultu
1401 2837 1440 2874 me
1452 2825 1569 2889 indignari
1584 2829 1672 2878 aanor
1685 2829 1747 2880 desi·

152 2894 201 2973 έιδι
216 2904 317 2986 τέχνην,
344 2907 388 2984 ὑφ’
407 2896 439 2975 ἧς
468 2902 571 2975 ἥλωκεν
587 2901 640 2974 ἤδη
655 2900 701 2959 καὶ
717 2903 777 2980 ἐρᾶν
799 2921 845 2958 σου
860 2922 912 2957 κα·
957 2924 1014 2971 nes,
1030 2910 1155 2971 dicebam,
1171 2925 1210 2961 me
1221 2915 1246 2961 et
1257 2915 1334 2962 artem
1349 2914 1538 2964 meamallroere
1553 2918 1745 2980 contumelia,a

152 2989 308 3072 ‘luiponem
333 2992 380 3052 καὶ
404 2995 468 3067 ὁρᾶν
490 2990 579 3069 ὥσπερ
601 2989 659 3048 τινὰ
685 2991 737 3047 τῶν
759 2987 912 3067 κρειττόνων
958 3013 1006 3062 qua
1023 2999 1073 3060 jam
1085 3000 1126 3049 illa
1140 3002 1210 3061 capta
1227 3003 1251 3050 et
1266 3003 1290 3050 te
1303 3014 1386 3051 amare
1402 3005 1486 3052 coacte
1504 3005 1622 3067 tanquam
1639 3007 1745 3071 aliquem

150 3070 243 3159 ιίχιτιις
255 3081 290 3143 Τί
315 3079 414 3156 λέγεις,
430 3078 501 3160 ἔφη,
527 3068 664 3159 ὦπάτερ·
686 3081 749 3158 δρᾶν
763 3074 811 3155 ἐμὲ
826 3077 913 3157 Χαρί-
959 3088 1150 3150 prestantiorem
1165 3087 1246 3138 ridere
1257 3091 1371 3151 exoptet?
1384 3089 1448 3149 Quid
1462 3090 1539 3151 dicis,
1555 3095 1648 3156 inquit,
1662 3099 1746 3158 pater?

150 3162 233 3248 ὼενγ
244 3169 271 3229 τί
291 3158 336 3228 οῦν
356 3172 404 3227 οὐκ
424 3169 496 3246 άγεις
515 3167 566 3239 ἤδη
588 3171 652 3243 παρ’
666 3166 764 3239 adraim
789 3167 834 3225 καὶ
856 3167 912 3242 ἅμα
959 3177 1040 3226 ridere
1053 3191 1093 3227 me
1109 3177 1279 3227 Charicleam?
1292 3178 1455 3236 Quamobrem
1478 3180 1552 3242 igitur
1565 3195 1614 3232 non
1628 3182 1695 3234 drrcis
1715 3186 1745 3234 ad

119 3252 295 3340 ῧῐριίτφιχιν.
351 3255 568 3333 Ἐπιλαύόμενος
607 3246 650 3312 ούν
686 3258 732 3323 τῆς
763 3254 913 3334 χλαμύδος,
958 3270 1054 3329 ipsam?
1072 3270 1097 3316 et
1111 3267 1182 3316 simul
1201 3267 1367 3330 procurrebat.
1401 3268 1588 3330 apprehendens
1606 3272 1678 3333 igitur
1691 3286 1747 3322 eum

151 3338 225 3421 Στῖρι,
243 3348 324 3429 ίφην,
339 3335 432 3417 οὗτος,
451 3348 473 3403 εί
498 3343 544 3403 καὶ
566 3340 624 3412 dib<
639 3344 757 3423 δραμεῖν.
800 3346 840 3404 Οὗ
863 3344 922 3421 γὰρ’
960 3355 1046 3415 pallio,
1059 3358 1102 3405 Sta
1116 3354 1169 3413 bic,
1182 3355 1281 3418 inquio,
1293 3355 1386 3405 etiamsi
1399 3355 1479 3406 valeas
1490 3359 1601 3406 currendi
1616 3360 1744 3412 celeritate.

148 3426 255 3515 έρεαγμα
265 3437 296 3495 τὸ
309 3443 438 3515 πρᾶγμα,
451 3433 503 3493 οὐδ’
517 3431 622 3506 ιύωνον,
632 3432 677 3490 καί
689 3435 740 3490 τῶν
755 3433 782 3491 έν
794 3431 866 3510 μέσῳ
877 3437 913 3509 τῷ
959 3447 1042 3505 Neque
1063 3444 1128 3493 enim
1150 3446 1187 3492 est
1200 3444 1323 3506 negotium
1346 3444 1393 3494 boc
1405 3446 1522 3507 tanquam
1539 3447 1634 3509 praedo,
1655 3463 1698 3498 nec
1716 3450 1746 3498 ad

149 3518 276 3607 βῦύιιρίνορ
292 3522 465 3604 προκείμενον
482 3521 552 3582 alili
564 3524 663 3593 πολλῆς
678 3521 726 3598 μέν
741 3522 836 3600 βουλῆς
847 3518 914 3577 ὥστε
960 3532 1154 3593 consequendum
1173 3532 1240 3582 laeile
1255 3535 1279 3582 et
1288 3533 1365 3582 cuivis
1380 3533 1469 3582 volenti
1481 3536 1632 3598 expositum
1645 3537 1686 3585 sed
1698 3550 1748 3585 ma·

148 3613 276 3685 ψιάντως
303 3615 468 3683 ἀνυσθῆναι,
497 3611 596 3681 πολλῆς
624 3609 651 3668 δὲ
682 3611 821 3677 διασκευῆς
851 3604 915 3680 ὥστ’
960 3633 1005 3680 gno
1018 3619 1117 3668 consilio
1130 3618 1232 3681 indiget,
1246 3621 1273 3669 ut
1285 3621 1413 3670 commode
1426 3621 1560 3683 perbcl,et
1572 3636 1659 3684 magno
1674 3637 1743 3687 appa·

113 3694 250 3782 Μηιλιῦι
267 3680 438 3782 πραχθῆναι,
455 3700 590 3777 δεόμενον.
632 3697 670 3759 Ἦ
685 3699 729 3756 τὸν
749 3696 850 3776 πατέρα
869 3700 916 3772 τῆς
961 3709 1071 3766 ratu,ut
1086 3719 1171 3756 securo
1188 3707 1225 3768 agi
1242 3709 1322 3769 possit.
1354 3715 1391 3759 An
1407 3710 1517 3771 ignoras,
1533 3711 1598 3772 quod
1613 3715 1681 3774 parer
1698 3712 1747 3762 vis.

148 3784 210 3865 δέοις
224 3790 372 3871 ἠγνόηκας,
386 3794 422 3856 ὡς
434 3791 542 3865 Δελφῶν
558 3791 614 3848 ἐστι
631 3787 664 3846 τά
680 3790 772 3866 πρῶτα
784 3811 792 3859 ;
806 3784 865 3850 τοὺς
888 3784 914 3842 δὲ
960 3794 1020 3855 ginis
1038 3794 1144 3856 primum
1159 3794 1282 3858 dignitatis
1297 3796 1378 3846 locum
1399 3798 1498 3860 Delphis
1517 3799 1625 3849 oblinet?
1643 3805 1680 3850 An
1699 3814 1747 3852 nou

148 3872 222 3951 sim
233 3884 281 3939 ούκ
300 3881 395 3944 ίννοεῖς
411 3878 436 3937 οἳ
462 3879 573 3937 θάνατον
589 3885 642 3943 τοῖς
664 3875 787 3941 τοιούτοις
804 3872 914 3934 ἐπιύαλ-
961 3883 1040 3944 legrrm
1054 3882 1097 3932 tibi
1113 3885 1179 3933 venit
1191 3885 1215 3933 in
1227 3888 1347 3945 mentem,
1360 3900 1416 3948 qure
1426 3886 1659 3951 capitalemponam
1674 3888 1698 3937 in
1710 3892 1746 3939 ta·

149 3953 319 4046 λιυιινςἸέγὼ
335 3966 394 4044 μέν,
409 3957 477 4039 είπε,
494 3967 539 4025 καὶ
555 3969 678 4025 τελευτᾶν
698 3967 726 4024 οδ
741 3963 915 4044 διαφέρομαι,
961 3973 995 4022 les
1012 3974 1180 4022 constituunt?
1203 3973 1274 4022 llaud
1298 3973 1402 4024 mullum
1421 3975 1519 4037 quidem
1543 3977 1627 4035 refert,
1657 3977 1746 4039 inquit,

148 4051 218 4131 ῖιγιλν
238 4056 420 4136 Χαρικλείας,
436 4055 495 4114 ἀλλ’
507 4054 593 4133 ὅμως,
615 4058 638 4114 εἰ
653 4056 738 4130 δοκεῖ,
752 4054 816 4131 πρὸς
830 4053 914 4129 γάμον
961 4061 1055 4112 etiamsi
1067 4061 1166 4122 moriar,
1180 4061 1271 4125 politus
1285 4063 1424 4124 Charicles,
1444 4063 1486 4112 sed
1500 4067 1595 4124 muron,
1611 4066 1630 4113 si
1643 4064 1747 4124 ridetur,

113 4135 295 4223 ιδ’ίῐῦριινμῷ
304 4146 386 4226 πατρὶ
399 4144 558 4224 προσιόντες.
575 4146 616 4205 Οὐ
630 4142 681 4224 γάρ
695 4143 727 4213 δὴ
743 4140 801 4219 [μὴ]
818 4141 915 4209 ἀνάξιοί
962 4154 1071 4214 petamus
1080 4149 1145 4199 illam
1157 4150 1181 4198 in
1194 4149 1487 4212 matrimoniumapatre·
1521 4153 1676 4213 licqueenim
1690 4150 1749 4199 iudi·

149 4219 284 4315 ῦέιπςτΐρ
297 4235 432 4313 Χαρικλεῖ
447 4231 619 4308 κηδεύσομεν,
664 4232 723 4291 Οὐκ
739 4229 769 4287 διν
782 4228 915 4307 τύχοιμεν,
960 4239 1000 4299 qni
1020 4251 1117 4296 sumus,
1138 4236 1252 4299 quicum
1277 4237 1389 4287 cbaricle
1409 4239 1550 4288 affinitatem
1570 4239 1748 4288 contrairemus.

149 4302 213 4387 ἔφην,
222 4320 268 4400 αι’τγ
279 4320 321 4380 ότι
334 4326 386 4401 τῶν
398 4321 468 4381 κατά
490 4321 520 4380 σέ
532 4345 556 4379 τι
572 4319 680 4379 δυνατὸν
696 4317 914 4398 ἐπιμέμψασθαι,
961 4331 1015 4379 lion
1026 4326 1200 4387 obtinebimus,
1214 4326 1328 4388 inquam,
1344 4340 1392 4376 non
1404 4327 1469 4389 quod
1482 4326 1572 4390 aliquid
1591 4327 1614 4374 iu
1629 4329 1653 4375 te
1667 4340 1747 4389 repre·

147 4392 363 4489 ὄλλ’ίλαρικλίῆς
375 4413 488 4493 ἀδελφῆς
502 4415 581 4470 αὑτοῦ
594 4410 668 4467 παιδὶ
681 4407 727 4479 τὴν
741 4408 821 4487 κόρην
832 4408 917 4466 πάλαι
963 4417 1033 4466 lrerrdi
1047 4418 1133 4479 possit,
1147 4415 1189 4464 sed
1202 4415 1324 4488 chariclea
1338 4416 1428 4464 sororis
1440 4429 1491 4464 sum
1506 4415 1555 4463 titio
1569 4415 1685 4477 virginem
1697 4415 1749 4477 jam

145 4496 324 4576 ιιἵίιγγύιρτεν.
369 4499 499 4576 Οίμόιξει,
521 4499 570 4580 ἔφη
590 4496 741 4575 Θεαγένης,
757 4497 783 4561 ός
805 4495 843 4563 τίς
857 4497 917 4555 ποτ’
963 4505 1055 4566 pridem
1065 4505 1199 4568 despondit.
1234 4504 1349 4565 Plorebit,
1362 4504 1442 4566 inquit
1452 4506 1599 4563 i'lreageues,
1611 4504 1749 4568 quicunque

111 4564 212 4642 “hiti-
248 4590 289 4648 Ού
302 4586 356 4668 γάρ
377 4611 424 4660 τις,
439 4590 503 4665 ἐμοῦ
523 4592 634 4661 ζῶντος,
651 4587 736 4667 ἕτερος
757 4585 917 4662 θαλαμεύσει
962 4594 1058 4643 laudem
1072 4598 1116 4654 τῆς
1129 4607 1208 4656 neque
1223 4594 1351 4657 quiequam
1367 4593 1444 4653 alius,
1461 4592 1582 4651 movim,
1596 4591 1620 4638 in
1633 4591 1751 4643 thalamos

182 4673 305 4747 ρίὼιαν·
328 4679 380 4756 οὐχ
403 4675 485 4743 οὕτως
498 4676 541 4743 ἥδ’
557 4682 573 4746 ά,
592 4677 654 4757 χεὶρ
672 4674 717 4734 καὶ
737 4674 806 4753 ξίφος
820 4674 916 4750 τούμδν
961 4681 1034 4731 ducet
1046 4683 1196 4733 cinaricleam
1210 4702 1216 4732 ι
1231 4695 1280 4732 non
1291 4695 1370 4745 usque
1385 4681 1445 4731 adeo
1460 4692 1546 4728 manus
1559 4679 1610 4728 lrrec
1622 4683 1647 4729 et
1658 4681 1751 4743 gladius

138 4741 252 4833 ‘triam
296 4768 423 4837 Παῦσαι,
443 4764 522 4845 ἔφην·
545 4764 646 4828 οὐδενὸς
669 4763 757 4834 δεήσει
783 4761 916 4820 τοιούτου·
961 4770 1064 4820 cessabit
1080 4785 1156 4821 meus.
1189 4771 1422 4832 Desine‚inquam:
1438 4768 1503 4818 nulla
1520 4782 1546 4817 re
1560 4767 1677 4829 eiusmodi
1689 4782 1751 4832 opus

136 4836 213 4909 μᾶνοι
226 4852 285 4929 ἐμοὶ
294 4853 431 4913 πείθεσθαι
445 4853 491 4910 καὶ
501 4853 624 4931 πράττειν
634 4856 668 4918 ὡς
683 4851 714 4911 δν
728 4850 915 4928 ὑφηγήσωμαι.
962 4862 1024 4909 orit:
1044 4863 1139 4909 tantum
1155 4859 1216 4910 milri
1229 4859 1369 4922 obtempera
1381 4859 1406 4908 et
1419 4858 1454 4906 lac
1472 4857 1535 4906 sicut
1546 4870 1590 4920 ego
1604 4870 1749 4920 praecepero.

157 4926 193 4991 ῧν
203 4938 226 4998 δ’
241 4942 377 5024 άπαγώρει
391 4940 438 5000 καὶ
450 4941 581 5023 φυλάττου
596 4942 731 5023 φαίνεσθαι
750 4939 915 5018 πλησιάζων,
963 4952 1032 4999 Nunc
1044 4962 1101 5000 vero
1112 4949 1220 5010 discede,
1233 4951 1259 5000 et
1269 4960 1342 5010 eave,
1353 4960 1385 4997 ne
1396 4959 1436 4998 me
1447 4945 1575 4998 convenire
1587 4945 1750 5009 deprehenda-

955 373 1018 418 rires
1030 371 1193 419 taciturnitate
1214 370 1358 432 suppedites.
1393 374 1478 421 Omnis
1498 375 1561 423 onim
1575 378 1672 426 affectio
1688 394 1743 441 qum

954 486 1003 534 cilo
1016 486 1169 547 cognoscitur
1183 487 1251 536 laelle
1265 488 1344 535 curari
1358 490 1450 550 potest3
1464 489 1505 538 sed
1518 504 1573 552 qum
1587 495 1695 554 tempore
1709 496 1742 545 ln·
