3726 5692
194 320 253 369 ⁵5⁴

196 457 208 484 ι
230 431 309 511 κόρην
323 433 413 512 ἑτέραν
429 438 443 492 ό
460 434 550 514 πατὴρ
569 438 604 502 εἰς
622 435 707 515 γάμον
723 437 872 515 ἀγάγηται·
890 438 937 496 καί
948 437 980 496 σθ

197 546 209 570 ι
233 519 280 594 μὲν
298 522 383 588 θύσεις
404 522 464 589 τοὺς
484 525 597 601 γάμους,
624 528 670 594 τῆς
695 526 761 601 ἐμῆς
781 525 859 604 φίλης
884 525 981 598 ταύτης

196 635 209 661 ι
231 607 361 686 Ὑσμίνης
375 612 531 689 λαθόμενος,
543 613 588 671 καὶ
605 614 763 692 φιλημάτων
779 616 921 695 ἐρωτικῶν,
935 616 982 674 καί

198 721 209 746 ι
231 701 283 756 τῶν
297 699 383 757 ἀλλων
394 701 492 760 τούτων
503 702 683 779 περιπλοκῶν,
696 693 732 760 ῶν
748 704 855 763 πάντων
870 705 896 771 ἐς
907 704 980 765 κενὸν

167 813 180 850 o
196 816 208 843 a
227 794 262 858 ὡς
275 793 303 848 έν
315 790 422 869 ὀνείροις
431 789 678 870 κατετρυφήσαμεν·
690 791 743 871 ἐγὼ
756 795 779 852 δ’
789 794 843 852 οὐδ’
856 796 883 853 ἐν
895 792 981 855 Ἀίδαο

196 909 208 934 ι
229 881 346 956 λήσομαι
360 878 448 958 φιλίας
464 884 511 950 τῆς
525 883 590 956 σῆς,
614 878 740 956 Ὑσμινία
755 880 916 961 γλυκύτατα,
935 883 981 941 καί

195 996 208 1023 a
230 992 271 1028 σοι
293 968 399 1046 φυλάξω
422 968 470 1039 τὴν
493 967 636 1048 παρθενίαν
656 971 898 1052 ἀπαρεγχείρητον·
922 971 980 1030 odil

195 1056 208 1112 ὲ
231 1060 281 1139 γάρ
300 1059 354 1117 οὐδ’
372 1059 449 1117 αὐτοῦ
466 1057 530 1125 Διός
551 1059 655 1140 φιλημα
674 1060 727 1126 τοῖς
741 1061 794 1127 σοῖς
812 1061 981 1132 κατεπιθὴσω

195 1176 207 1199 ιι
228 1147 384 1229 φιλήμασιν,
401 1148 430 1205 ού
448 1148 487 1223 μά
501 1146 545 1204 τὸν
563 1146 672 1227 φοόερόν
686 1145 813 1224 Ἔρωτα,
830 1147 857 1216 da
874 1172 908 1225 με
924 1157 981 1217 ταῖς

156 1263 180 1300 10
195 1264 207 1291 a
229 1239 287 1303 σαῖς
302 1237 409 1301 ταύταις
422 1234 512 1315 χερσίν
530 1238 564 1302 ὡς
578 1234 647 1316 ὄρνιν
662 1236 800 1319 παρέθετο.
818 1265 831 1289 ν

234 1349 271 1386 κο.
292 1323 378 1387 Ταῦτ’
397 1314 472 1396 εἶπε,
494 1324 540 1382 κοιλ
558 1324 619 1405 περί
635 1323 666 1383 τό
682 1325 787 1404 στέρνον
809 1326 906 1403 τούμόν
920 1325 979 1384 ὅλον

193 1419 364 1476 κατεπιθιῑσα
374 1411 404 1470 τὸ
413 1412 566 1492 πρόσωπον,
579 1412 724 1494 κατέόρεχί
735 1439 769 1491 με
780 1423 833 1482 τοῖς
847 1414 979 1496 δάκρυσιν.

193 1503 268 1584 Ἐγὼ
283 1503 310 1562 δὲ
320 1503 386 1582 πρὸς
397 1501 514 1573 αὐτίκα
523 1499 639 1578 Ὑσμίνη
651 1503 772 1582 παρθένε,
788 1505 896 1582 μέλημα
907 1503 979 1582 ipos,

196 1619 209 1647 ι
229 1597 283 1674 φῶς
297 1594 368 1669 ίμῶν
387 1592 538 1670 ὀφθαλμῶν,
553 1591 627 1670 πηγή
647 1615 692 1669 μοι
713 1592 846 1662 στάζοντα
860 1595 978 1671 μέλιτος,

155 1703 178 1740 la
193 1709 205 1737 ι
220 1680 305 1762 ὀμόρε
326 1679 458 1759 χαρίτων·
473 1679 504 1738 σθ
521 1679 569 1756 μέν
583 1682 712 1760 φιλοῦσα,
729 1682 840 1741 λοίσθιον
855 1683 980 1761 λέγειςτὸ

192 1800 205 1827 a
221 1771 338 1851 φίλημα·
357 1770 408 1851 ἐγὼ
424 1771 447 1827 δ’
462 1769 531 1837 όσός
546 1771 592 1850 ἐρα
638 1796 657 1840 ,ς
671 1772 716 1829 καὶ
729 1773 818 1838 δοῦλος
832 1769 858 1840 ἐξ
875 1769 978 1853 ἔρωτος,

193 1891 202 1914 ι
222 1860 265 1929 ξύν
285 1860 326 1920 σοί
348 1864 487 1936 θανοῦμαι.
513 1859 569 1919 Καί
586 1881 627 1918 σοι
642 1859 689 1930 τὴν
703 1860 845 1940 παρθενίαν
866 1863 980 1942 ἀντιφυ-

191 1979 202 2005 a
219 1950 347 2025 λάξομαι·
363 1951 410 2006 οὐκ
429 1949 591 2020 ἀποσυλησει
611 1948 717 2020 ταύτην.
733 1953 792 2009 Οὐκ
807 1949 910 2019 ἐξουσία
925 1974 979 2008 πα-

192 2067 202 2091 ι
217 2040 294 2120 apiae,
311 2040 340 2096 οὗ
357 2037 455 2116 μητρός
469 2035 551 2095 πειθὼ
564 2042 589 2103 ἐς
603 2037 687 2114 γάμον
704 2037 876 2116 ἀγάγωνται,
890 2040 943 2097 οὐδ’
956 2041 979 2098 εἰ

54 2156 56 2161 -
150 2143 176 2181 ευ
191 2154 202 2183 ι
220 2130 267 2199 τὴν
282 2128 434 2208 Ἀφροδίτην
453 2128 615 2205 ἀγάγωνται,
629 2128 658 2185 οὗ
672 2126 710 2205 μά
720 2128 783 2204 Δία,
796 2127 900 2208 πατέρα
912 2131 977 2187 θεῶν

190 2246 201 2272 ι
219 2218 342 2293 πάντων,
359 2208 387 2276 σθ
407 2215 489 2293 κήρυξ
508 2209 571 2287 ἧκον
597 2219 632 2282 εἶς
651 2216 839 2295 Αὐλικόιμιδα,
862 2217 977 2297 πατρίδα

190 2333 203 2358 ι
217 2305 264 2377 τὴν
279 2305 342 2377 aba,
357 2303 402 2362 καί
424 2305 513 2369 δοῦλος
526 2308 577 2362 τῶν
597 2307 648 2363 σῶν
670 2302 786 2383 χαρίτων
801 2308 827 2371 ές
844 2303 891 2376 τὴν
910 2303 977 2381 ἐμὴν

189 2392 314 2463 ιταότην
339 2389 497 2467 Εόρύκωμιν
516 2390 725 2470 ἀνθυπέστρεψα.
749 2419 761 2442 a
787 2391 843 2450 Καὶ
862 2390 912 2464 δὴ,
931 2395 978 2464 τῆς

189 2483 290 2561 ἡμίρας
306 2482 478 2559 διαγελώσης,
493 2481 674 2560 καταφιλήσας
688 2479 737 2553 τλν
758 2481 849 2561 κόρην,
871 2480 976 2553 ἐξῆλθον

38 2644 40 2649 Ι
149 2593 175 2631 25
191 2579 235 2632 τοῦ
248 2572 395 2647 δωματίου,
410 2570 455 2629 καί
469 2570 529 2650 περί
544 2571 593 2642 τὴν
607 2570 674 2645 ἐμὴν
688 2570 814 2648 ἐγενόμην
829 2569 929 2644 κλίνην,
942 2575 977 2638 ὥς

190 2664 216 2720 ἐν
235 2661 376 2740 ύπσπτέρῳ
387 2661 465 2731 ποδί,
481 2659 591 2724 καὶτοῖς
605 2657 694 2725 θπνοις
708 2661 872 2736 ἐσπεισάμην
886 2657 973 2732 εὐθὺς,

188 2753 223 2817 ὡς
235 2751 257 2808 εἰ
272 2749 332 2826 περί
342 2747 391 2819 τὴν
406 2747 495 2820 κλίνην
510 2739 583 2825 εθρον
597 2747 699 2814 αὐτούς.

817 308 1016 368 sinuetur
1039 310 1136 369 illibi.
1159 312 1201 386 ς.

1596 313 1644 391 [G-
1671 314 1816 394 raa-rai

1029 468 1041 492 ιι
1059 447 1145 511 puellae
1159 448 1255 511 nuptias
1268 450 1404 499 conciliabit
1416 465 1423 498 ε
1434 464 1496 512 quas
1506 456 1532 501 tu
1545 453 1691 514 celebrabis,
1710 455 1817 518 meique,

1028 566 1040 589 ιι
1059 551 1110 596 ture
1124 548 1256 598 carissimae
1275 549 1412 611 Hysmines,
1425 551 1530 610 oblitus,
1548 550 1705 615 dulciumque
1718 554 1818 604 osculo·

1027 659 1040 683 ιι
1059 654 1113 690 rum
1129 653 1158 690 ac
1174 645 1312 692 esteronrm
1321 643 1480 704 amplexuum
1491 644 1581 706 qrribus
1595 658 1640 694 nos
1651 645 1739 694 trustra
1749 647 1818 697 velut

1028 764 1040 786 ιι
1057 743 1083 792 in
1097 745 1188 795 somnis
1210 744 1321 796 inebriati
1339 759 1436 808 sumus;
1454 759 1498 810 ogo
1512 760 1578 805 vero,
1591 761 1623 797 ne
1636 749 1734 811 quidem
1752 751 1817 814 apud

1027 864 1039 889 ιι
1057 846 1147 897 ἰοίεεοε
1163 848 1278 898 amicitiae
1294 851 1343 898 tuae
1360 849 1497 912 immemor,
1515 851 1642 913 Hyrminia
1662 852 1816 916 dulcissime,

1027 962 1039 988 ι
1057 944 1175 996 illibatam
1186 945 1229 996 tibi
1239 946 1400 1008 virginitatem
1408 960 1488 997 meam
1496 947 1612 1010 servabo,
1623 949 1733 1012 adeoque
1746 951 1816 1001 ioris

1027 1061 1039 1085 ι
1057 1042 1134 1104 ipsius
1145 1043 1228 1092 oscula
1239 1043 1329 1094 osculis
1340 1044 1388 1094 tuis
1400 1057 1447 1094 uon
1470 1044 1621 1106 anteieram,
1639 1061 1688 1095 nou
1704 1061 1747 1109 per
1766 1062 1815 1098 me·

1028 1165 1040 1189 ιι
1055 1146 1173 1197 tuendum
1203 1153 1333 1210 amorem,
1352 1149 1394 1211 qui
1419 1161 1459 1199 me
1472 1148 1520 1199 tuis
1540 1149 1592 1201 istis
1613 1151 1726 1201 manibus
1742 1152 1815 1203 retuli

1027 1263 1039 1288 ι
1056 1250 1150 1308 captam
1163 1258 1233 1296 arens
1249 1246 1355 1296 tradidit.
1372 1266 1384 1290 ν

1057 1348 1095 1392 20.
1113 1342 1179 1392 Talia
1193 1343 1299 1405 dicenti,
1316 1358 1440 1408 pronoque
1451 1346 1475 1395 in
1492 1351 1577 1409 pectus
1594 1361 1677 1398 meum
1697 1350 1778 1411 rultu,
1791 1355 1815 1402 et

1025 1436 1084 1485 illud
1100 1437 1216 1501 iacrymis
1230 1440 1331 1501 riganti,
1351 1440 1548 1502 respondebam:
1571 1460 1583 1484 ι
1601 1444 1720 1505 ilyarniue
1738 1446 1813 1508 virgo,

1026 1552 1039 1577 a
1055 1546 1108 1582 anca
1119 1545 1185 1590 cura,
1200 1546 1309 1583 meorum
1325 1534 1408 1584 lumen
1427 1536 1564 1596 oculorum,
1584 1537 1638 1586 lons
1651 1550 1749 1587 merum
1768 1544 1815 1590 met

1027 1647 1039 1670 ι
1051 1627 1157 1686 stillans,
1172 1629 1302 1689 gratimurn
1312 1624 1397 1688 imber,
1409 1633 1436 1678 tu
1448 1642 1488 1680 me
1499 1629 1635 1680 mosculata
1643 1631 1758 1682 ultimum
1770 1634 1814 1683 bor

1026 1740 1038 1764 ιι
1056 1720 1149 1770 basium
1169 1720 1219 1770 iore
1230 1721 1329 1785 dixisti,
1351 1722 1393 1773 sed
1409 1735 1455 1786 ego
1473 1727 1497 1773 el
1523 1725 1558 1773 tui
1574 1739 1659 1775 amaus
1677 1732 1701 1776 et
1713 1740 1813 1789 servus,

1026 1835 1038 1858 ιι
1056 1815 1091 1865 sio
1103 1816 1166 1865 euim
1184 1817 1259 1867 noluit
1275 1823 1358 1878 Amor,
1373 1820 1453 1867 tecum
1469 1819 1567 1868 moriar.
1578 1821 1628 1881 Ego
1637 1833 1668 1868 ex
1680 1835 1754 1884 aquo
1764 1823 1812 1870 rir-

1026 1909 1178 1972 sginitatem
1201 1911 1352 1973 custodiam
1369 1925 1413 1962 nec
1433 1912 1475 1962 illa
1500 1912 1657 1962 fraudaberis.
1691 1916 1745 1963 Nou
1770 1928 1812 1977 po·

1025 2022 1037 2046 ιι
1057 2007 1131 2054 testas
1155 2005 1241 2068 patris,
1263 2018 1311 2054 nou
1326 2005 1491 2067 persuasiones
1508 2007 1608 2068 arauiris,
1626 2007 1657 2057 ad
1675 2009 1812 2071 conjugium

1024 2114 1036 2139 a
1054 2097 1177 2160 inducent,
1191 2112 1239 2147 nou
1251 2099 1424 2162 elipsissiruaru
1432 2105 1550 2151 venerem
1558 2103 1616 2150 rulbi
1628 2102 1811 2163 destinaverint,

1024 2209 1036 2233 ιι
1053 2204 1102 2241 uon
1113 2204 1155 2254 per
1168 2195 1254 2242 iorem
1267 2192 1369 2243 deorum
1378 2182 1487 2243 omnium
1497 2198 1589 2257 patrem
1599 2232 1606 2257 ,
1616 2196 1685 2258 cujus
1695 2196 1810 2247 adcusa-

1025 2308 1037 2332 ι
1053 2292 1092 2339 tor
1104 2290 1287 2351 Aulicomidem,
1298 2290 1400 2352 patriam
1413 2293 1489 2350 tuam,
1502 2290 1564 2352 reni,
1577 2292 1602 2342 et
1613 2291 1639 2340 iu
1649 2291 1712 2342 bans
1720 2304 1810 2354 meam,

1024 2398 1036 2422 ι
1054 2380 1240 2443 Eurycoruidern
1253 2382 1384 2441 gratiarum
1392 2384 1490 2432 tuarum
1504 2396 1590 2432 sersus
1600 2384 1670 2434 redii.
1682 2406 1694 2426 ι
1706 2387 1810 2449 Jamque

1021 2471 1141 2522 arridente
1158 2472 1224 2534 luce,
1245 2487 1289 2535 ego
1301 2473 1405 2536 puellam
1422 2477 1574 2525 exosculatus
1587 2490 1601 2525 e
1615 2477 1730 2527 cubiculo
1748 2478 1810 2528 illius

1022 2566 1195 2616 exterminatus
1224 2566 1255 2616 ad
1278 2566 1394 2617 lectulum
1415 2568 1536 2619 ieslinaull
1559 2571 1662 2633 vestigio
1691 2585 1809 2634 regressm

1021 2672 1092 2721 sum,
1108 2661 1240 2725 statimque
1258 2661 1436 2722 somnolibari,
1458 2664 1526 2725 quasi
1547 2665 1628 2726 ipsum
1650 2665 1674 2714 in
1692 2665 1755 2715 lecto
1773 2666 1806 2715 in·

1021 2756 1149 2806 vertissem.

345 3147 564 3228 ΒΙΒΛΙΟΝ
602 3144 813 3233 ΕΚΤΟΝ.

227 3366 248 3405 t.
268 3344 300 3403 ‘0
320 3343 366 3418 μὲν
380 3333 423 3399 οὖν
441 3339 502 3417 ἐμὸς
516 3336 604 3415 πατὴρ
619 3333 766 3412 Θεμιστεὺς
779 3332 822 3402 ξύν
841 3331 971 3394 Σωσθίνει

185 3432 230 3491 καί
246 3430 376 3510 μητράσιν
391 3430 468 3506 ἡμῶν
484 3428 614 3495 ἐπανῆκον
626 3427 654 3482 ἐκ
666 3428 710 3480 τοῦ
726 3427 816 3500 βωμοῦ
832 3421 917 3499 Ξενίῳ
927 3417 972 3481 Διί

145 3549 172 3590 ³0
184 3518 218 3580 τά
233 3519 370 3600 πρόσφορα
388 3516 526 3579 θύσαντες·
549 3512 594 3571 καί
610 3535 653 3587 μοι
670 3511 792 3568 Διάντεια
808 3509 896 3588 μήτηρ
910 3507 968 3587 περί

184 3608 232 3680 τὴν
244 3607 334 3679 κλίνην
349 3603 475 3683 γενομένη
490 3602 537 3672 τὴν
552 3600 630 3677 ἐμὴν,
641 3598 768 3668 ἐξυπνίζει
781 3624 829 3675 με,
840 3598 967 3677 λέγουσα·

186 3726 196 3750 ι
219 3696 321 3756 Τέκνον
338 3692 479 3769 Ὑσμινία,
494 3690 583 3767 καιρός
595 3686 715 3769 ἀρίστου,
733 3687 764 3746 σθ
778 3687 801 3745 δ’
822 3687 907 3747 οὐκέτι
925 3688 969 3746 τὸν

186 3814 197 3838 ι
221 3785 300 3844 ύπνον
314 3783 409 3860 ἀπώση
421 3785 473 3839 τῶν
486 3781 642 3859 ὀφθαλμῶν,
653 3777 801 3851 Ἀνάστηθι,
816 3776 931 3856 καὶπερὶ
941 3776 970 3836 τὸ

185 3901 197 3925 r
221 3876 324 3932 δεῖπνον
340 3872 494 3951 γενώμεθα·
512 3869 555 3934 σὸς
576 3866 627 3945 γάρ
639 3865 728 3946 πατὴρ
740 3865 888 3944 Θεμιστεθς
902 3868 969 3924 ἀνα-

143 3987 197 4029 aa·
217 3961 337 4021 κέκλιται
354 3959 401 4018 σὺν
424 3955 553 4019 Σωσθένει
579 3954 624 4014 καί
647 3963 699 4022 τοῖς
719 3956 794 4024 όσους
814 3956 844 4013 τό
868 3955 969 4014 δεῖπνον

186 4080 196 4103 ι
221 4051 307 4110 καλεῖ.
326 4075 339 4101 a
358 4046 412 4109 Σὺν
428 4051 494 4128 αὐτῇ
513 4050 576 4124 γοῦν
591 4044 671 4122 μητρί
692 4043 752 4123 περί
770 4043 818 4115 τὴν
837 4043 968 4121 τράπεζαν

184 4140 317 4220 γεγονότες
334 4139 452 4211 συνήθως
468 4133 679 4210 ἀνακεκλίμεθα·
696 4133 742 4191 καὶ
757 4134 836 4192 πάλιν
853 4131 966 4205 Ὑσμίνη

184 4253 233 4307 μου
251 4227 320 4288 κατὰ
335 4226 457 4304 μέτωπον
477 4224 535 4283 ὅλον
551 4231 604 4290 τοῖς
618 4221 762 4303 ὀφθαλμοῖς
782 4220 967 4290 ἀποστάζουσά

184 4340 228 4396 μοι
243 4317 286 4375 τὸν
302 4315 402 4395 ἔρωτα·
420 4313 471 4391 ἐγὼ
490 4317 550 4389 γοῦν
569 4315 665 4375 ἀτενῶς
679 4309 728 4382 τὴν
743 4309 822 4391 κόρην
837 4309 909 4382 ἰδὼν,
923 4308 967 4367 καί

142 4435 168 4472 ιο
182 4408 242 4488 περὶ
264 4405 310 4478 τὴν
325 4407 456 4484 τράπεζαν
475 4400 594 4483 κεκυφόις
615 4399 695 4471 αὐτὴν
712 4400 897 4482 προσεκύνησα
913 4423 968 4457 κα-

183 4496 367 4555 θυποκλίπτων
389 4495 519 4572 ἐρωτικῶς
540 4490 569 4547 τὸ
593 4489 783 4567 προσκύνημα·
804 4494 820 4560 ἡ
842 4489 863 4546 δ’
890 4490 965 4547 ἀνθυ·

183 4585 329 4663 πέελεψεν,
344 4585 379 4648 ὡς
391 4582 467 4652 εἰκὸς,
482 4579 527 4637 τὸν
538 4577 672 4656 τράχηλον
686 4579 847 4654 παρθενικῶς
860 4576 967 4634 θποκλί·

184 4695 261 4733 νασα.
278 4675 395 4751 Τροφαῖς
407 4666 605 4736 πολυτελέσινὴ
621 4664 737 4743 τράπεζα
759 4664 872 4736 {ovilae
884 4689 967 4724 κατα-

181 4760 361 4834 κεκόσμηται,
373 4758 419 4816 καί
429 4755 609 4839 Κρατισθένης
621 4765 707 4834 κιρνᾷ.
722 4756 862 4824 Σωσθένης
874 4755 968 4835 προπί-

139 4871 166 4910 ta
181 4871 228 4915 νει,
239 4848 386 4924 Θεμιστεύς
403 4851 459 4924 μετ’
471 4846 566 4917 αὐτόν,
582 4845 626 4903 καὶ
644 4844 757 4917 ξυνήθως
769 4851 854 4922 ἡμεῖς.

221 4956 244 4995 2.
260 4936 314 4996 Καὶ
329 4939 342 4993 ὀ
357 4935 496 5007 Σωσθένης
513 4934 593 5016 φησί·
614 4963 625 4984 ιι
646 4932 684 4994 Σύ
697 4934 743 5012 μέν
756 4939 827 5009 ἡμᾶς
840 4936 965 5014 φιλοφρο-

182 5023 340 5100 ινοόμενος,
360 5026 512 5101 Θεμιστεῦ,
527 5022 615 5103 Ξενίιρ
628 5017 672 5081 Διί
693 5023 741 5094 τὴν
760 5023 966 5106 φιλοφροσύνην,

182 5138 193 5166 ⁸¹
205 5113 253 5192 ⁰57,
264 5115 327 5191 ἡμῖν
343 5112 515 5192 ἃφωσίωσας·
532 5113 578 5171 καί
590 5136 619 5171 σε
634 5117 679 5183 τῆς
689 5111 756 5169 οὕτω
770 5115 894 5192 λαμπρᾶς
904 5135 967 5192 τρα·

1231 3144 1367 3224 LIBER
1406 3150 1588 3227 SEXTUS.

1052 3348 1072 3390 ι.
1082 3339 1314 3401 Tlreuristeuslgitur
1321 3346 1388 3404 pater
1396 3345 1652 3395 meuscumsostlrene
1661 3348 1687 3395 et
1692 3345 1799 3396 malnbru

1016 3449 1105 3498 nostris
1115 3450 1146 3498 ab
1155 3450 1223 3500 loris
1232 3450 1364 3513 Hospitalis
1372 3464 1424 3512 ara,
1437 3465 1518 3514 repro
1532 3453 1580 3502 ritu
1592 3454 1672 3515 lacta,
1685 3466 1799 3518 regressus

1016 3561 1065 3618 est;
1082 3556 1213 3618 statimque
1226 3557 1325 3605 Diantea
1342 3560 1419 3606 maier
1433 3557 1463 3606 ad
1474 3558 1563 3607 lectum
1583 3561 1750 3611 accedeusme
1761 3574 1797 3611 es·

1016 3662 1156 3724 pergeiecil,
1170 3682 1182 3705 ιι
1193 3663 1333 3725 llysrnlnia,
1353 3663 1477 3726 inquiens,
1492 3665 1609 3727 jentaculi
1627 3668 1688 3717 bora
1705 3677 1742 3718 est
1751 3686 1759 3729 ;
1775 3670 1796 3717 ta

1017 3787 1029 3811 ι
1040 3772 1121 3816 autern
1129 3781 1242 3817 somnum
1255 3782 1283 3817 er
1296 3768 1372 3818 oculis
1381 3768 1488 3818 noudum
1499 3772 1607 3821 excuties
1616 3775 1712 3836 iSurge
1723 3773 1795 3834 modo,

1017 3874 1029 3897 a
1042 3860 1067 3904 et
1086 3868 1130 3904 nos
1142 3855 1219 3916 epulis
1233 3855 1405 3904 accumbamus
1425 3869 1431 3902 ι
1448 3855 1499 3916 iarn
1513 3857 1578 3906 enim
1592 3862 1663 3920 pater
1678 3865 1735 3911 tuus
1748 3874 1796 3912 cum

1017 3979 1029 4002 a
1044 3959 1161 4009 sosthene
1175 3972 1204 4008 ac
1218 3962 1312 4008 caeteris
1327 3961 1437 4009 couriris
1451 3959 1583 4014 discubuit.
1598 3983 1612 4006 ν
1648 3969 1736 4030 ltaque
1747 3980 1796 4018 cum

1015 4069 1090 4117 ruatre
1105 4081 1195 4118 mensae
1210 4068 1298 4117 accmsi
1311 4070 1335 4116 et
1354 4081 1396 4130 pro
1411 4081 1478 4119 more
1497 4072 1668 4125 recubuiruus.
1703 4081 1734 4127 Et
1745 4076 1801 4128 mibi

1014 4179 1101 4226 iterum
1111 4190 1142 4226 ea
1153 4176 1254 4226 adverso
1265 4177 1382 4227 collocata
1393 4182 1445 4229 erat
1457 4181 1589 4244 Hyrmine,
1601 4187 1680 4236 oculis
1698 4189 1757 4238 milri
1765 4189 1801 4238 tu·

1013 4288 1105 4338 stillans
1112 4301 1227 4338 amorem.
1240 4292 1288 4351 Ego
1298 4289 1371 4351 igilur
1380 4290 1485 4353 puellarn
1494 4291 1587 4342 intenta
1598 4297 1807 4360 adspicimsau'e,

1013 4405 1128 4451 curvatus
1141 4400 1165 4449 iu
1177 4414 1294 4462 mensam,
1305 4402 1417 4464 salutari,
1429 4404 1546 4454 amatorie
1555 4405 1728 4460 salutationem
1738 4411 1856 4461 dias?

1014 4513 1120 4573 mutans;
1128 4525 1211 4575 quam,
1223 4514 1337 4564 inclinato
1349 4516 1420 4577 collo,
1434 4529 1500 4566 more
1510 4518 1641 4581 uirginum,
1652 4521 1856 4575 diotusius&

1013 4623 1103 4686 etipsa
1118 4624 1223 4687 regessit
1237 4625 1337 4674 interlui
1351 4639 1433 4676 mensa
1448 4626 1552 4691 dapibus
1560 4629 1661 4692 largirer
1673 4635 1830 4695 insedeat

1013 4729 1037 4777 et
1059 4728 1141 4776 uinum
1167 4728 1329 4778 cratistlreuss
1343 4730 1474 4791 praebebat.
1508 4733 1604 4784 Primus
1618 4725 1856 4801 sosthenes,at‘)

1013 4833 1053 4882 illo
1070 4833 1224 4884 Themisteua
1237 4833 1313 4895 bibit;
1328 4848 1371 4884 nos
1384 4834 1471 4885 deinde
1483 4849 1534 4899 quo
1554 4839 1695 4892 solebamus
1710 4844 1797 4895 ordine
1812 4843 1856 4883 θ

1044 4950 1067 4992 2.
1083 4946 1145 4993 Turu
1161 4957 1219 4992 vero
1241 4944 1370 4993 sosthenes
1395 4943 1561 4996 'ilremisteum
1583 4950 1620 4997 sic
1641 4951 1791 5015 interpellat.

1012 5052 1025 5075 ι
1038 5035 1072 5081 Tu
1088 5033 1200 5095 quidem,
1211 5032 1361 5093 Tiremisteu,
1374 5033 1513 5085 comitatem
1524 5035 1608 5100 ίιῑεια,
1618 5053 1669 5104 qua
1679 5055 1725 5094 noa
1736 5035 1856 5093 εεαέἒ

1012 5140 1024 5164 ι
1038 5121 1088 5183 pis,
1105 5135 1257 5185 nequaquam
1272 5122 1352 5183 uobis,
1370 5122 1412 5172 sed
1433 5124 1555 5187 Hospitali
1570 5130 1628 5178 lori
1639 5133 1779 5182 ronoecrasli
1812 5118 1856 5171 ἰ
