3726 5692
792 114 905 173 LIBER
928 115 977 173 lit.
1637 129 1693 176 sas

70 250 127 310 κατ’
140 250 253 328 ἔσχατον
266 246 384 306 κινδύνου
395 244 553 323 γενόμενονί·
564 243 762 325 ἠκροόολέζοντό
773 247 797 302 τ’
809 243 862 302 ἀπὸ
907 254 984 301 tremo
998 253 1105 316 periculo
1120 254 1252 316 eveniunt)
1267 259 1291 304 et
1307 256 1427 316 iaciebant
1438 256 1469 306 de
1484 258 1559 306 muris
1569 262 1593 307 et
1606 259 1700 321 jacule-

70 343 119 398 τῶν
134 341 230 417 τειχῶν
245 336 290 395 καί
305 334 471 402 εἶσετόξευον.
516 333 609 400 Ούτως
623 333 675 412 άρα
685 333 731 392 καὶ
744 335 861 411 άπεγνω-
907 341 994 390 bantur
1008 342 1032 390 in
1050 355 1132 391 naves.
1166 344 1206 391 sic
1224 344 1322 393 omnino
1339 344 1448 394 laomiues
1463 347 1589 409 etiamqni
1604 347 1634 396 de
1651 349 1701 397 ruis

70 429 142 494 κότες
158 429 244 484 αὑτῶν
260 425 400 504 ἄνθρωποι,
411 422 457 494 τὴν
471 423 512 482 ἀεί
527 427 663 502 παροῦσαν
678 421 758 500 ώραν,
770 423 861 501 κέρδος
907 430 1039 479 rationibus
1062 430 1235 494 desperarunt,
1260 445 1355 495 semper
1370 433 1435 496 quod
1457 438 1566 496 superest
1586 438 1701 499 temporis

70 519 104 583 εἷς
118 512 256 594 ὑπέρθεσιν
277 512 389 571 θανάτου
413 511 571 587 νομίζουσιν.
614 509 751 571 Ἐύαλλον
774 511 796 567 δ’
813 511 862 588 οὐχ
906 517 937 567 ad
954 518 1093 568 dilationem
1110 520 1246 579 mortis,in
1263 521 1445 583 lucroponnut.
1479 524 1605 573 iaciebant
1617 530 1700 573 autem

28 627 59 664 ε
70 606 138 664 ὥστε
148 603 195 663 καί
204 599 369 681 τιτρώσκειν,
378 601 436 657 ἀλλ’
445 600 505 659 ὅσον
517 600 650 679 ἀπείργειν
660 598 703 657 τὸν
711 596 862 678 πρόσπλουν
907 606 941 656 ita
953 606 1083 670 dirigentes
1095 608 1158 658 ictus
1171 611 1199 657 nt
1214 622 1264 659 non
1277 608 1445 671 vulnerarent,
1458 610 1500 660 sed
1511 624 1632 661 asomum
1646 625 1701 674 pro-

70 691 342 771 καταστοχαζόμενοι.
387 688 559 757 Ἀντετόξευον
580 688 608 747 δέ
627 687 674 747 καὶ
694 688 719 746 ol
738 686 862 752 Albiones
908 695 1026 745 biberent.
1060 696 1237 746 iaculabantur
1252 698 1335 748 autem
1355 697 1457 747 vicissim
1479 700 1617 762 metopas,
1635 704 1659 750 et
1673 704 1700 751 ut

71 781 116 840 καὶ
132 780 175 841 δε*
192 777 378 858 εὖοκοπώτερά
392 802 421 835 τε
441 780 581 858 βάλλοντες
596 777 642 836 καί
656 775 731 836 otro
749 778 795 846 τῆς
810 779 861 833 τῶν
908 783 1003 832 certiori
1015 784 1065 833 ictu
1079 786 1187 847 petentes
1200 788 1224 835 et
1238 785 1349 835 nondum
1365 787 1475 835 animum
1488 790 1614 837 Persarum
1629 789 1699 838 intel·

72 872 186 950 Περσῶν
206 867 314 945 γνώμης
327 866 468 938 συνιέντες,
483 865 529 924 δύο
542 865 593 925 πού
608 890 679 931 τινας
699 863 745 924 καὶ
759 863 863 930 πλείους
910 871 1017 933 ligantes,
1031 874 1147 922 continuo
1158 873 1220 923 dnos
1229 873 1346 937 quosdam
1357 887 1386 923 aa
1395 873 1506 938 deinceps
1516 876 1596 938 plures
1606 877 1700 926 transti-

71 958 260 1038 διαπείρουσιν,
275 954 344 1014 ώστε
356 954 428 1022 τινὰς
440 954 483 1012 ὑπ’
495 954 579 1023 όξιίας
590 953 636 1012 καὶ
650 953 801 1033 ἀπροόπτου
816 956 863 1024 τῆς
908 962 981 1021 gunt,
996 962 1024 1009 nt
1035 960 1109 1023 aliqui
1122 961 1203 1010 subito
1218 964 1243 1011 et
1257 975 1287 1011 ea
1302 963 1432 1025 improuiso
1443 965 1548 1026 acceptis
1557 965 1700 1015 vulneribus

18 1074 43 1103 ι
56 1068 61 1099 ι
72 1046 191 1128 τρώιιως
206 1044 250 1104 ἐπὶ
264 1044 382 1125 κεγαλὴν
394 1043 447 1102 άπδ
463 1047 515 1102 τῶν
529 1047 624 1123 τειχῶν
640 1045 676 1110 είς
697 1041 727 1101 τδ
747 1041 821 1110 ἐκτός
833 1065 861 1101 τε
909 1047 940 1097 de
952 1049 1028 1097 muris
1040 1051 1176 1098 extrorsum
1188 1053 1212 1098 et
1231 1051 1256 1099 in
1271 1063 1361 1112 aquam
1374 1051 1400 1100 in
1413 1054 1487 1114 capnt
1504 1051 1698 1104 devolverentur.

71 1134 161 1197 καὶτὸ
175 1132 246 1213 ύδωρ
265 1135 481 1215 σφενδονηθῆναι.
525 1131 580 1191 Καί
597 1129 627 1188 δν
650 1128 693 1188 ἐπὶ
711 1129 791 1189 πλέον
807 1127 864 1197 ἐξε-
909 1139 1049 1202 etquidem
1071 1141 1146 1201 magis
1159 1141 1287 1190 exarsisset
1301 1141 1432 1204 praelium,
1452 1141 1490 1191 bis
1503 1142 1625 1204 parcendo
1644 1147 1698 1192 tan·

71 1222 156 1295 καύθη
171 1222 205 1281 τά
226 1227 274 1295 τῆς
296 1221 398 1301 μάχης,
412 1224 464 1280 τῶν
478 1219 525 1297 μέν
545 1219 591 1277 σὺν
607 1221 689 1300 ρειδοῖ
708 1217 863 1277 κωλυόντων
909 1232 962 1278 turn
977 1228 1173 1291 prohibentibus,
1188 1229 1340 1292 AEtlriopibus
1351 1232 1434 1280 antem
1446 1231 1518 1280 etiam
1533 1244 1588 1279 cum
1599 1232 1634 1280 ira
1648 1245 1699 1282 aeae

70 1310 161 1386 μόνον,
177 1314 229 1369 τῶν
249 1311 277 1369 δέ
292 1310 338 1370 καί
353 1308 400 1369 σύν
415 1310 480 1390 ὀργῇ
500 1309 576 1387 [τῶν
592 1306 750 1387 Αἰθιόπων]
765 1308 863 1385 άμυνο-
909 1316 1106 1378 detendenta’bna,
1119 1316 1164 1365 nisi
1175 1316 1273 1380 quidam
1286 1317 1360 1366 bomo
1369 1318 1468 1367 illustris
1479 1322 1503 1368 et
1518 1318 1567 1380 iam
1582 1333 1655 1369 senex
1669 1333 1700 1370 ex

71 1398 166 1473 μόνων,
190 1403 214 1457 εί
239 1398 278 1477 μή
293 1422 331 1466 τις
349 1402 402 1457 τῶν
425 1397 469 1456 ἐπὶ
492 1396 567 1469 δόξης
581 1396 627 1455 καί
646 1394 795 1473 πρεσόύτης
811 1394 862 1467 ἤδη
909 1407 1032 1469 sycosis„
1043 1405 1205 1455 interveniens
1223 1405 1252 1455 ad
1268 1419 1310 1456 eos
1323 1407 1366 1469 qui
1378 1410 1447 1456 erant
1459 1408 1483 1455 in
1496 1421 1566 1457 muro
1579 1408 1653 1457 verba
1667 1408 1700 1458 le·

10 1510 56 1553 5·
71 1487 213 1561 Συηναίων
237 1489 292 1555 τοῖς
313 1486 357 1545 ἐπὶ
375 1493 421 1546 τοῦ
431 1485 543 1569 ,τείχους
564 1483 805 1565 παραγιγνόμενος,
821 1472 862 1542 Ὦ
909 1494 980 1544 sisset
992 1509 998 1542 :
1009 1497 1031 1544 0
1042 1497 1163 1554 amentes,
1174 1494 1286 1557 inquiens
1293 1497 1318 1544 et
1332 1508 1382 1557 prae
1391 1495 1568 1546 calamitatibus
1583 1497 1699 1559 obstupe·

71 1575 276 1657 γρινοόλαύεῖς,
289 1574 340 1657 έρη
352 1621 360 1648 ,
373 1574 493 1656 καὶπρὸς
506 1577 558 1632 τῶν
574 1575 663 1632 δεινῶν
674 1573 862 1653 παραπλῆγες,
911 1583 979 1644 tacti,
996 1582 1085 1646 quibus
1095 1583 1212 1633 hacteuus
1221 1584 1343 1647 supplices
1353 1597 1450 1634 eramus
1459 1587 1484 1634 et
1493 1585 1518 1633 iu
1528 1585 1646 1634 auxilium
1657 1585 1699 1634 ad-

73 1662 116 1732 οθς
128 1666 166 1732 εἰς
180 1666 257 1746 δεῦρο
268 1663 426 1732 ἱκετεύοντες
438 1664 483 1723 καὶ
503 1661 705 1738 ἐπικαλούμενοι
718 1659 782 1740 πρὸς
797 1659 864 1739 βοή·
911 1671 1073 1734 vocabamus,
1091 1671 1136 1721 lios
1153 1684 1209 1720 cnm
1219 1674 1310 1735 preater
1325 1685 1423 1722 ornnem
1441 1686 1509 1736 spem
1524 1676 1549 1723 et
1563 1674 1699 1735 opinionem

75 1756 142 1811 θιιαν
156 1754 335 1832 διετελοῦμεν,
351 1752 456 1818 τούτους
470 1751 573 1819 ἐλπίδος
585 1750 706 1809 ἐπέκεινα
719 1771 864 1828 παραγενο·
910 1760 1062 1811 advenissent
1073 1759 1123 1821 iam
1139 1760 1266 1810 arcemnsl
1277 1760 1319 1822 qui
1330 1761 1350 1810 si
1362 1760 1440 1810 amico
1451 1762 1532 1810 animo
1542 1762 1659 1819 renuant,
1672 1775 1700 1811 ea

78 1839 164 1913 μόνους
176 1842 353 1922 ἀπεόργομενς
371 1839 397 1900 ol
411 1840 490 1922 ρέλιοι
503 1839 550 1917 μὲν
565 1838 671 1909 ἥκοντες
683 1836 729 1896 καὶ
745 1835 864 1917 εἰρηνικὰ
910 1862 966 1911 quae
985 1848 1015 1899 ad
1037 1848 1227 1910 pacificationem
1250 1849 1372 1911 pertinent
1392 1849 1543 1911 nuntiantes,
1567 1854 1700 1901 servatores

10 1960 55 2001 ευ
80 1927 284 2009 &mumolum
304 1933 419 2009 ανιτῆριτ
433 1928 552 2002 ἔσονται,
568 1926 682 2004 πολέμια
697 1925 724 1984 δὲ
746 1922 864 1984 διανοού-
910 1939 986 1987 nostri
998 1942 1082 1998 erunt,
1094 1937 1131 1985 sio
1143 1936 1238 1987 bostilta
1250 1938 1373 2000 cogitant,
1387 1938 1500 1987 facillime
1516 1938 1610 1988 etiamsi
1622 1939 1699 2003 appli-

84 2038 158 2093 μενοι,
180 2022 268 2100 ῥᾷστα
291 2018 337 2077 καὶ
360 2016 597 2098 προσορμισθέντες
624 2013 862 2086 ἐλαττωθήσονται.
911 2026 1004 2076 suerint
1022 2025 1211 2088 superabuntur.
1249 2026 1321 2074 Enim
1341 2038 1400 2076 vero
1420 2026 1479 2088 quid
1498 2026 1559 2075 lueri
1584 2026 1630 2076 erit
1645 2025 1701 2077 lude

83 2103 149 2165 Τίδδ
172 2109 220 2165 καί
240 2106 320 2167 πλέον
340 2108 364 2164 τί
384 2104 490 2172 τούτους
508 2102 723 2183 διαχρησόμεθα,
740 2102 865 2162 τοσούτου
912 2115 994 2173 nobis,
1006 2114 1100 2164 etiamsi
1112 2114 1156 2164 tros
1167 2114 1356 2174 confecerimus,
1367 2127 1423 2163 cum
1433 2117 1501 2163 tanta
1517 2115 1593 2163 nubes
1603 2118 1668 2163 terra
1676 2116 1702 2163 et

81 2192 163 2274 τέγους
181 2198 211 2255 lx
233 2200 282 2274 γῆς
302 2196 348 2256 καί
370 2194 462 2261 ύδατος
484 2192 684 2271 κεκυκλωμένον
704 2191 753 2265 τὴν
770 2192 864 2270 πόλιν,
912 2203 1073 2266 aqnanrbenr
1086 2202 1412 2252 cinxeriticnrautemncn
1426 2203 1559 2264 potiuseos
1572 2203 1702 2265 recipimus

76 2282 142 2343 ditia
148 2283 360 2365 προσδεχώμεθα
369 2284 415 2342 καὶ
426 2281 443 2342 ό
449 2306 474 2341 τι
488 2280 652 2361 βουλομένοις
663 2280 734 2339 ἐστὶν
748 2282 867 2340 ἐκδιδασ-
911 2297 936 2343 et
946 2293 1043 2355 quaesit
1056 2292 1154 2341 illorum
1166 2291 1284 2341 sentemb
1293 2292 1475 2353 cognoscimus?
1487 2290 1606 2341 Omnibus
1615 2291 1639 2339 in
1650 2304 1701 2340 rem

10 2388 52 2427 αι
69 2369 195 2449 κείμεθα.
240 2376 328 2433 Πᾶσιν
353 2364 382 2430 τύ
406 2370 490 2448 λέγειν
511 2369 606 2442 ἐδοξεν,
622 2369 712 2448 ἐπῄνει
735 2368 762 2428 δέ
783 2368 865 2428 καὶὸ
912 2382 991 2431 dicere
1004 2380 1141 2430 videbatur.
1176 2378 1336 2429 collaudabat
1346 2383 1427 2429 antem
1449 2383 1474 2429 et
1485 2382 1593 2442 satrapa.
1627 2382 1701 2429 Etex

68 2457 230 2541 Σατράπης.
275 2459 331 2521 Καὶ
350 2465 395 2518 τοῦ
417 2456 651 2538 κατηρειπωμένου
672 2459 735 2537 τῇδε
758 2460 865 2516 κάκεῖσε
912 2470 1016 2534 collapsa
1027 2474 1089 2523 rnnri
1101 2475 1169 2535 parte
1179 2473 1229 2522 buo
1241 2476 1315 2536 atque
1326 2473 1382 2522 illuc
1392 2471 1535 2522 decedentes
1547 2472 1654 2520 immotis
1663 2484 1701 2519 ar-

62 2548 253 2617 μταστάντες
267 2550 294 2607 ἐν
309 2547 442 2619 ἀκινήτοις
455 2555 508 2613 τοῖς
520 2547 610 2612 ὅπλοις
623 2545 766 2625 ἡσύχαζον.
912 2559 958 2607 mis
969 2559 1132 2621 quiescebant.

107 2638 166 2715 Q·
191 2636 243 2704 ‘stt
259 2636 284 2695 δ’
299 2635 413 2707 ἕντνιύθη
429 2634 459 2694 τὸ
479 2635 656 2715 μεταπύργιον
677 2636 728 2691 τῶν
750 2635 865 2712 ίτγτττιίι·
944 2652 985 2697 vi.
1005 2652 1136 2711 Postquam
1151 2652 1233 2698 autem
1245 2650 1349 2711 spatium
1362 2649 1420 2698 illud
1435 2649 1496 2696 iuter
1507 2650 1587 2696 turres
1597 2660 1700 2694 recursura

59 2738 136 2799 ἰἰἀν,
157 2724 175 2785 ὅ
197 2748 226 2784 τι
249 2728 332 2802 δῆματ
354 2724 455 2791 ὀθόναις
476 2721 634 2793 ιιατατιίιαν,
655 2720 803 2800 ἐπιτρῑίτιιν
821 2722 864 2779 τὸν
913 2738 959 2786 luit
977 2736 1194 2799 propugnatoribus
1213 2740 1237 2786 et
1258 2737 1362 2799 populus
1377 2737 1517 2785 velamentis
1535 2737 1628 2796 siguum
1643 2735 1702 2783 dans

11 2814 46 2855 ³⁰
58 2806 156 2887 ὅρμον
177 2814 353 2890 ἐνεδείκνυτο,
376 2813 434 2871 τότε
454 2812 486 2883 δὴ
508 2812 552 2870 καὶ
570 2814 594 2870 ol
616 2810 737 2876 Αἰθίοπες
755 2810 867 2881 πλησιά·
913 2823 1045 2874 concedere
1056 2838 1081 2874 se
1093 2826 1221 2887 appulsum
1228 2824 1387 2885 significabat,
1401 2827 1460 2873 tune
1470 2823 1595 2885 AEtlriopes
1604 2824 1702 2887 propius

60 2916 168 2969 παντες
185 2902 276 2983 &cnsp
290 2902 336 2960 ἆτ’
350 2900 490 2973 ἱνιιληαίας
512 2903 565 2958 τῶν
587 2898 735 2979 παρθμτῖιιν
754 2898 819 2978 πρὸς
837 2899 867 2958 τὸ
913 2913 1069 2974 occulentes,
1078 2916 1194 2976 tanquam
1205 2927 1248 2976 pro
1260 2913 1374 2963 solucione
1384 2927 1414 2962 ex
1426 2913 1526 2973 navigiis
1538 2912 1567 2960 ad
1578 2912 1701 2961 obsessum

62 2988 298 3071 πολιορκούμενον
320 2989 439 3070 θέατρον,
463 2988 545 3048 τοιάδ’
572 2988 680 3066 έλεγον·
697 2978 738 3047 Ὦ
764 2987 867 3067 Πέρσαι
913 3002 1035 3051 theatrum
1044 3002 1102 3050 talia
1115 3001 1386 3059 dicebantzopersm,
1401 3003 1427 3049 et
1439 3003 1572 3062 Syenensea
1583 3001 1624 3060 qui
1635 3000 1701 3048 ades·

65 3074 121 3132 καὶ
139 3078 279 3151 Συηναίων
294 3082 319 3138 οἱ
331 3077 469 3160 παρόντες,
482 3076 618 3148 Ὑδάσπης
632 3080 646 3134 ό
660 3081 711 3136 τῶν
725 3077 790 3156 πρὸς
802 3079 869 3135 ἀνα·
913 3089 960 3149 tis,
971 3087 1094 3151 Hydaspes
1104 3087 1258 3138 orientalium
1274 3090 1299 3138 et
1310 3085 1497 3137 occidentalium
1512 3087 1665 3149 AEtldopum‚
1677 3088 1702 3136 in

64 3162 167 3235 ταλαίς
180 3168 226 3227 καὶ
240 3168 353 3246 δυσμαῖς
369 3167 513 3245 Αἰθιόπων,
530 3166 585 3225 νυνὶ
602 3166 629 3224 δὲ
641 3167 687 3225 καὶ
699 3169 772 3243 ὑμῶν
787 3170 866 3245 βασι·
913 3178 1040 3240 prteaentla
1053 3190 1111 3227 varo
1122 3179 1152 3238 et
1165 3156 1245 3227 vester
1256 3189 1313 3237 rex,
1328 3190 1385 3225 cnm
1404 3176 1485 3225 boates
1498 3175 1596 3224 domare
1619 3176 1702 3235 novit,

20 3249 53 3289 ³⁸
66 3240 151 3327 hbe,
164 3255 304 3332 πολεμίους
318 3258 343 3314 τ’
358 3255 495 3334 ἐκπορθεῖν
509 3245 561 3313 οίδε
574 3254 619 3314 καί
630 3254 718 3321 ἱκέτας
732 3254 866 3335 οἰκτείρειν
914 3268 967 3316 tum
977 3265 1007 3315 ad
1020 3263 1209 3316 misericordiam
1219 3264 1404 3328 ergaauppliees
1413 3278 1428 3313 a
1437 3266 1522 3313 natura
1534 3264 1648 3325 proclivis
1657 3266 1701 3325 est,

66 3334 193 3417 πίτνει,
208 3342 240 3403 τ“ο
252 3342 301 3422 μέν
317 3344 445 3423 ἀνδρεῖον,
461 3342 490 3401 τὸ
507 3340 535 3400 δέ
554 3342 735 3422 φιλάνθρωπον
752 3342 868 3417 δοκιμά-
914 3354 973 3404 illud
992 3355 1090 3418 quidem
1110 3353 1269 3415 iortltodinis,
1282 3354 1329 3404 boc
1341 3355 1422 3402 nutem
1435 3349 1613 3413 humanitatis,
1629 3357 1702 3415 atque

68 3417 128 3483 ζἀν
143 3432 188 3491 καί
202 3430 232 3492 rb
246 3432 294 3511 μέν
305 3432 394 3513 χειρὸς
407 3424 472 3490 εἶναι
484 3436 687 3511 στρατιωτικῆς,
700 3432 729 3489 τὸ
743 3431 786 3504 δέ,
802 3430 866 3490 ίδιον
913 3444 1016 3493 alterum
1030 3444 1126 3493 virtutis
1144 3443 1262 3503 militum,
1280 3443 1384 3492 alterum
1399 3442 1473 3504 ipsius
1488 3441 1614 3504 proprium
1630 3442 1703 3490 decus

68 3510 125 3579 τῆς
148 3522 234 3581 atron
250 3520 368 3599 γνώμης.
386 3514 480 3600 Ἔχων
501 3544 529 3578 τε
551 3519 582 3579 τὸ
601 3523 668 3598 ὑμᾶς
687 3512 791 3591 εἶναιῆ
814 3520 868 3597 μὴ,
914 3532 1096 3593 essejudicans.
1129 3535 1241 3595 cumque
1253 3508 1311 3580 'vitae
1326 3535 1351 3581 et
1370 3531 1436 3580 necis
1458 3533 1543 3580 vestrae
1558 3531 1591 3579 illi
1613 3530 1644 3578 sit
1658 3543 1701 3592 po·

70 3606 139 3661 κατ’
153 3607 280 3681 ἐξουσίαν,
299 3608 397 3676 ἱκέταις
410 3608 591 3687 γεγενημένοις
606 3609 694 3679 ἀνίησι
713 3608 756 3667 τὸν
779 3610 809 3666 ἐκ
824 3614 868 3667 τοῦ
914 3625 1000 3681 testas,
1012 3620 1209 3683 qnandoquidem
1223 3620 1342 3683 supplices
1352 3619 1424 3680 estis,
1437 3619 1522 3668 liberat
1534 3632 1577 3668 vos
1590 3619 1703 3669 omnibus

23 3682 58 3721 ⁴⁰
70 3688 146 3753 ’W
210 3707 292 3757 πᾶσιν
306 3695 437 3776 δρώμενον
453 3696 499 3755 καὶ
517 3698 564 3755 οὐκ
577 3696 723 3775 άμφίόολον
737 3695 868 3755 κίνδυνον·
914 3710 946 3759 ob
961 3709 1044 3759 oeulos
1060 3712 1170 3760 versante
1182 3713 1207 3759 et
1217 3709 1317 3758 minime
1330 3708 1404 3756 dubio
1418 3707 1474 3757 belli
1486 3707 1604 3769 periculo,
1618 3707 1702 3756 condi·

71 3762 119 3849 ‘P'
133 3720 218 3853 νύξ’άν
235 3784 345 3862 ἄσμενοι
359 3787 411 3843 τῶν
426 3785 515 3843 δεινῶν
530 3785 740 3859 ἀπαλλαγείητε,
759 3786 806 3858 τὴν
821 3782 870 3842 αί-
914 3799 1005 3858 tiones,
1020 3798 1108 3861 quibus
1118 3798 1197 3847 relitis
1210 3798 1273 3847 bisce
1287 3796 1465 3847 calamitatibus
1476 3796 1580 3859 liberari,
1594 3810 1641 3845 non
1654 3797 1703 3858 ipse

71 3870 160 3947 Ρῑτιν,
178 3875 226 3933 aba
245 3872 322 3941 αὐτὸς
342 3873 445 3954 ὁρίζων,
465 3875 525 3932 ἀλλ’
546 3874 607 3950 ύμῖν
631 3873 786 3953 ἐπιτρέπων.
827 3876 868 3936 Οὔ
916 3899 1062 3949 Ι,τοςιοιιοιιε,
1081 3886 1123 3937 sed
1142 3887 1225 3946 vobis,
1240 3888 1321 3937 vestro
1334 3885 1433 3935 arbitrio
1452 3885 1587 3949 eligendas,
1603 3887 1702 3947 permit·
1755 3884 1757 3890 '

69 3942 129 4029 Υὰθ
153 3969 275 4040 τνραννιῖ
300 3961 348 4034 τ’λν
372 3961 458 4037 δίκην,
482 3961 551 4020 ἄλλα
574 3960 638 4038 πρὸς
657 3961 687 4020 τὸ
709 3962 868 4039 ἀνεμέσητον
915 3980 976 4027 tens.
1009 3979 1092 4039 Neqrre
1104 3976 1168 4025 enim
1178 3989 1222 4039 pro
1235 3990 1279 4026 sua
1294 3975 1392 4026 libidine
1403 3976 1556 4038 tyrannicum
1569 3974 1702 4037 quidquam

69 4024 295 4121 διωῑαῖπθναῶν
309 4051 452 4132 ἀνθρώπων
466 4050 561 4129 τύχην·
606 4051 676 4129 Πρὸς
689 4057 773 4109 ταῦτα
793 4054 868 4124 Συη-
914 4064 1014 4126 statuit,
1033 4065 1074 4115 sed
1087 4069 1212 4115 mansuete
1226 4067 1251 4115 et
1270 4064 1321 4115 sine
1335 4064 1426 4114 invidia
1445 4064 1562 4126 gubernat
1579 4063 1702 4111 bominum

18 4116 54 4155 ⁴⁵
69 4126 149 4194 ἱίιῗνι
162 4138 412 4219 μένᾶπεκρίναντό,
428 4148 494 4219 σφᾶς
508 4142 531 4196 τ’
547 4136 639 4205 αὐτούς
653 4140 697 4197 καὶ
714 4142 810 4209 παῖδας
824 4141 868 4200 καί
916 4153 1047 4203 fortunam.
1087 4152 1123 4203 dd
1144 4153 1196 4202 liaeo
1217 4153 1310 4214 Syeami
1332 4152 1430 4214 quidem
1451 4152 1623 4213 responderunt
1644 4170 1650 4199 ι
1672 4153 1703 4199 se

66 4220 206 4293 Μῖνα(
220 4225 369 4309 ἐπιτρέπειν
385 4227 509 4307 Ὑδάσπῃ
529 4231 645 4308 χρῆσθαι
659 4227 723 4307 πρὸς
737 4229 752 4286 ί
767 4253 790 4286 τι
807 4228 870 4309 βού-
916 4246 979 4307 ipsos
994 4247 1017 4293 et
1033 4243 1121 4293 liberos
1134 4245 1160 4291 et
1175 4241 1287 4303 conjuges
1302 4241 1389 4289 dedere
1403 4242 1428 4289 in
1445 4241 1508 4288 illius
1518 4241 1659 4300 potestatem
1677 4241 1704 4287 ut

66 4282 155 4371 >⁴‘³¹²0
166 4315 213 4373 iel
229 4315 278 4386 τὴν
296 4316 384 4393 πόλιν,
406 4319 428 4375 εί
447 4316 637 4398 περιγένοιντο,
662 4318 822 4397 ἐγχειρίζειν·
837 4319 870 4391 ἣν
916 4325 1704 4393 illisartatnrproarbitrioeturbemitlisimanserintsuperslites

68 4388 124 4447 Ἢ
139 4408 186 4463 νῦν
199 4406 227 4463 lv
238 4408 276 4483 τῷ
291 4407 439 4486 ἀνελπίστῳ
453 4406 583 4484 σαλεύειν,
598 4408 620 4465 εί
632 4405 670 4483 μὴ
684 4408 763 4488 ρθαίη
776 4432 826 4480 τις,
840 4411 870 4466 ἐκ
916 4404 1024 4480 tradere,
1040 4433 1096 4482 qrran
1111 4422 1136 4468 et
1156 4431 1221 4467 nunc
1241 4418 1265 4467 in
1284 4421 1392 4467 extrema
1410 4415 1574 4478 desperatione
1593 4413 1702 4472 vacillet,

18 4466 369 4593 ωοιῶνῆέξὟδάσπου
384 4494 491 4575 μηχανὴ
505 4495 645 4575 σωτηρίας.
682 4496 870 4577 Ὁδ”οροον-
917 4509 1031 4571 nislqum
1046 4509 1150 4568 salns‚a
1169 4507 1230 4568 diis,
1251 4506 1340 4556 autab
1355 4504 1464 4567 ilydaspe
1482 4502 1567 4562 miss,
1582 4500 1703 4550 excidium

69 4550 161 4652 δήῆι
173 4584 227 4641 τῶν
243 4581 292 4659 μέν
305 4583 396 4642 «latura
411 4583 460 4662 ἔφη
475 4590 520 4643 τοῦ
535 4586 651 4661 πολέμου
672 4586 716 4644 καὶ
738 4589 789 4644 τῶν
803 4587 871 4646 ἐπά-
916 4598 1080 4648 anteverterit.
1114 4595 1264 4646 Oroondotes
1277 4598 1372 4655 autem,
1386 4594 1464 4643 Exiis
1478 4605 1534 4654 qnae
1553 4590 1610 4641 belli
1623 4603 1703 4641 canam

69 4644 149 4725 Θλιαν
163 4670 340 4743 ἐκσεήσεσθαι
354 4672 400 4732 καί
423 4673 469 4739 τάς
486 4696 514 4731 τε
535 4673 623 4740 ιίιίλας
639 4674 704 4752 [τὴν
717 4675 811 4753 πόλιν]
825 4673 871 4734 καί
916 4688 941 4734 et
953 4684 1051 4747 praemia
1063 4684 1160 4733 luerunt
1170 4696 1196 4731 se
1208 4682 1363 4732 decessurum
1372 4694 1424 4730 esse
1435 4680 1497 4731 dixit
1510 4683 1536 4730 et
1547 4678 1703 4728 dimissurum

126 4759 296 4843 αμαράγδεια
310 4760 430 4839 μέταλλα
442 4761 656 4842 παραχωρήσειν,
672 4762 748 4829 αὐτὸς
762 4762 785 4821 δ’
799 4762 871 4835 ἠξίου
917 4774 997 4825 Plrilas
1012 4774 1098 4822 urbem
1119 4775 1143 4821 et
1156 4771 1308 4833 smaragdeas
1322 4768 1430 4819 fodinas:
1446 4772 1553 4820 ceterum
1568 4770 1664 4832 petere,
1677 4771 1704 4817 ut

69 4834 216 4927 ιιἰθιμίαν
229 4854 377 4922 ὑποστῆναι
400 4850 525 4930 ἀνάγκην,
544 4850 605 4927 μήθ’
622 4851 700 4909 αὑτὸν
723 4850 791 4927 μήτε
813 4850 872 4921 τοὺς
917 4863 1027 4925 idipsum
1036 4860 1096 4910 nibil
1108 4859 1331 4919 durinsstatuatur,
1340 4870 1420 4921 nequa
1429 4871 1455 4908 se
1466 4858 1519 4921 ipse
1528 4871 1608 4921 neque
1617 4858 1705 4906 milites

68 4923 247 5007 Ὕατεώτας
266 4939 428 5022 ἐγχειρίζειν.
473 4939 542 5000 Ἀλλ’
556 4942 578 4998 εἰ
600 4940 718 5020 βούλοιτο
734 4939 873 5015 Ὑδάσπης
917 4950 997 5000 (ledat.
1031 4948 1180 5000 sedetvetit
1193 4948 1316 5012 Hydaspes
1330 4948 1450 5012 integrum
1465 4946 1573 4999 officinm
1591 4948 1704 4995 buniam·
