3726 5692
786 378 900 441 LiBiiR
922 381 945 438 i.
1617 395 1672 446 ατε

50 533 104 584 νην,
120 509 158 569 'ii
172 508 305 567 σπουδαία
319 509 379 589 περί
394 509 427 566 τὰ
440 508 525 582 δεινδι,
540 508 668 588 λίγουσα,
681 514 698 581 ἡ
713 509 776 589 πρὸς
789 509 835 586 μὲν
883 520 957 568 mium
971 523 1083 583 prompta
1095 521 1119 570 et
1132 520 1163 569 ad
1176 533 1214 569 res
1224 521 1331 581 atroces,
1344 521 1469 584 inquiens,
1485 537 1540 586 ηοω
1555 524 1579 572 in
1593 537 1675 575 amore

51 598 90 657 τὸν
104 596 192 678 ἔρωτα
208 597 246 674 μῆ
267 596 443 676 συμπράξασα
452 642 461 669 ,
475 598 520 655 ἐπὶ
535 597 562 657 δὲ
579 599 609 657 τθ
631 598 787 679 στερηθῆναί
803 623 835 674 με
881 608 978 671 quidem
994 623 1034 658 me
1049 609 1242 671 nonadjurisii,
1257 612 1283 658 at
1301 611 1329 658 ut
1345 612 1468 659 mrissimo
1486 613 1592 674 privarer
1609 613 1674 663 dicto

49 691 91 745 sod
113 685 244 766 φιλτάτου
265 684 310 742 καί
331 685 409 761 λόγου
430 685 530 765 ταχέων
551 686 751 764 ἀποδειχθεῖσα,
769 688 835 763 μηδὲ
859 694 862 725 ¹
882 699 952 746 citius
968 697 1083 758 effecisti,
1100 710 1179 760 neque
1192 698 1296 760 spatium
1310 698 1418 747 mutendi
1434 701 1526 749 consilii
1543 701 1601 750 milri
1617 715 1673 752 eon·

51 772 312 848 μεταύουλεύσασθαί
323 796 368 848 μοι
379 773 587 852 συγχωρῆσασα.
632 773 686 834 liat
696 774 763 847 δήλη
773 798 837 833 παν·
881 787 972 836 cessisti
987 805 993 836 :
1007 789 1032 836 et
1044 800 1142 849 prorsus
1158 786 1285 836 manifesto
1300 800 1389 848 prmse
1407 787 1513 851 terebat,
1529 790 1593 852 quod
1612 796 1674 842 esset

10 862 125 930 moiun<
143 862 247 940 ίγίνετο
261 860 344 943 κακόν
358 884 385 918 τι
399 861 560 932 διαθῆσουσα
575 860 622 933 τῆν
639 861 755 934 Θίσόην.
800 862 836 924 Ἥ
881 873 984 928 illimnli
997 873 1089 936 aliquid
1103 874 1226 923 molitura.
1261 875 1304 924 liin
1319 888 1377 924 vero
1388 877 1494 937 graviter
1509 878 1674 941 indignantem

50 951 77 1010 δθ
93 953 297 1031 βαρυμηνιῶσαν
312 952 401 1027 δρῶσα
421 949 466 1008 καί
481 951 568 1030 πάντῃ
588 951 758 1025 λυπηθείααν,
779 953 836 1011 ἐπι·
881 962 996 1012 ridensei
1006 962 1105 1012 omnino
1116 975 1219 1011 moerore
1231 962 1358 1024 perditum,
1372 967 1528 1028 paratumque
1538 965 1567 1014 sd
1577 966 1677 1017 insidias

51 1037 190 1097 ύονλεῦσσι
208 1038 347 1118 πρόχειρον
362 1036 418 1094 καίΙ
430 1038 481 1117 οὐχ
494 1036 589 1108 ἥκιστα
605 1041 642 1116 τῷ
663 1062 691 1097 τε
703 1042 778 1119 θυμῷ
792 1039 836 1097 καί
859 1064 861 1129 γ
880 1050 1009 1112 parandas,
1018 1050 1055 1100 ire
1066 1051 1139 1100 simul
1150 1054 1175 1100 et
1188 1064 1270 1101 amore
1281 1051 1454 1114 insanientem,
1463 1055 1547 1103 statuit
1557 1055 1622 1104 illam
1632 1070 1674 1105 an·

50 1126 127 1208 lpum
145 1131 278 1207 περιμανῆ
292 1125 484 1205 τυγχάνουσαν,
506 1124 572 1204 ἔγνω
593 1125 756 1206 [προλαόεῖν
770 1128 834 1206 καί]
859 1134 861 1201 l
880 1138 1104 1200 tevenire,insidiis
1113 1139 1148 1190 illi
1155 1139 1252 1189 structis
1259 1138 1330 1189 saluii
1340 1153 1392 1190 eme
1403 1141 1547 1202 consulens;
1558 1143 1675 1192 eiadiens

49 1218 200 1297 φθῆναι,τῇ
215 1213 274 1274 κατ’
286 1213 387 1286 ἐκείνης
400 1214 528 1294 ἐπιάουλῆ
542 1214 675 1297 σωτηρίαν
693 1217 774 1296 ίαυτῆ
788 1239 836 1274 πε·
859 1204 862 1301 ί
880 1240 934 1277 eam
944 1265 951 1287 ,
963 1228 1028 1285 Quid
1038 1230 1074 1277 est
1085 1229 1144 1286 boc,
1157 1227 1294 1289 odomina,
1305 1227 1414 1290 dicebnt,
1426 1242 1470 1278 cnr
1479 1229 1567 1279 trustra
1575 1243 1675 1280 accusas

10 1331 36 1369 >
49 1308 197 1385 prnoioiioor·
213 1301 260 1360 καί
275 1304 471 1380 προσελθοῦσα,
485 1306 520 1362 Τί
540 1309 639 1376 ταῦτα,
655 1294 676 1364 d
698 1303 835 1378 δέσποινα,
858 1320 861 1383 j
882 1317 998 1366 ismnlum
1011 1319 1095 1365 tuam?
1106 1321 1156 1377 ligo
1165 1317 1263 1379 quidem
1274 1317 1393 1366 voluntati
1401 1320 1451 1366 tuae
1462 1330 1518 1367 cum
1530 1321 1600 1367 antes
1610 1333 1672 1368 sem·

48 1392 126 1468 ίλιγι,
135 1391 163 1450 τί
172 1390 261 1468 μάτην
273 1390 341 1469 ἔχεις
351 1390 456 1467 ἐναῖτία
469 1391 517 1460 τῆν
528 1391 576 1461 σῆν
586 1392 774 1471 θεραπαινίδας
785 1392 836 1472 ἐγώ
858 1386 862 1475 ξ
881 1407 984 1469 μετέασι
994 1405 1067 1454 etism
1077 1418 1143 1454 nunc
1151 1418 1205 1454 sum
1216 1405 1345 1455 obsecuta:
1356 1406 1421 1468 qrrod
1430 1406 1449 1455 si
1460 1405 1550 1469 aliquid
1563 1421 1610 1456 non
1620 1420 1674 1456 ere·

49 1480 93 1557 μίν
106 1504 150 1540 σοι
163 1480 230 1561 πρὸς
243 1479 274 1538 τὸ
290 1478 410 1558 βούλημα
428 1479 515 1538 eisin
528 1480 570 1538 ἀεί
583 1480 668 1540 τεκαὶ
682 1487 725 1540 νῦν
738 1485 836 1561 ύπηρε-
880 1493 917 1542 nit
925 1506 956 1543 ex
965 1493 1040 1544 animi
1049 1492 1233 1553 sententia,iila
1246 1496 1303 1542 suni
1315 1493 1419 1543 torrunae
1429 1494 1595 1544 adscribenda.
1628 1498 1672 1545 st-

48 1567 181 1649 τησάμην.
225 1570 262 1633 Ei
276 1567 305 1626 δέ
316 1591 341 1625 τι
355 1571 408 1624 τῶν
424 1566 544 1644 μὴκατὰ
558 1569 666 1645 γνώμην
681 1569 833 1643 ίκόίόηκεν,
880 1581 922 1644 qui
938 1583 964 1631 et
974 1595 1052 1643 nunc,
1069 1582 1089 1630 si
1100 1582 1183 1644 jubes,
1196 1582 1221 1630 iu
1240 1582 1400 1643 excogitando
1415 1582 1534 1645 levamine
1550 1584 1674 1647 presentis

51 1660 134 1718 ἔιιεῑνα
160 1658 209 1734 μὲν
231 1661 266 1739 τῇ
291 1656 361 1737 τύχη
386 1655 529 1736 λογιστέον,
554 1658 657 1736 ἕτοιμος
684 1660 706 1717 δ’
724 1658 835 1737 (εἰμί),
881 1671 1008 1731 moeroris,
1028 1670 1135 1721 studium
1149 1683 1232 1719 meum
1247 1670 1291 1720 tibi
1308 1684 1356 1720 non
1372 1671 1455 1720 deerit.
1489 1672 1559 1731 Quod
1578 1676 1672 1733 eutem,

10 1748 71 1817 ·,εί
89 1747 219 1817 κελεύεις,
234 1750 346 1807 ἐπινοεῖν
366 1770 423 1804 τινα
443 1751 495 1805 τῶν
516 1746 652 1826 παρόντων
672 1747 757 1807 λύσιν.
800 1747 835 1809 Ἡ
881 1761 986 1819 meatu,
1002 1759 1080 1821 inquit
1093 1758 1257 1822 illa,reperiri
1268 1761 1350 1822 possit,
1368 1772 1425 1807 curn
1437 1760 1457 1808 is
1468 1760 1509 1823 qni
1524 1761 1577 1809 inec
1592 1761 1673 1810 levare

51 1834 90 1905 ἀί,
107 1837 161 1897 list
175 1835 214 1902 τίς
227 1835 258 1894 ἀν
272 1835 404 1916 εὑρεθείη,
419 1836 546 1916 φιλτάτη,
559 1836 624 1915 ἔφη,
634 1841 680 1895 τοῦ
692 1835 835 1914 δυναμένου
881 1847 997 1910 potuisset
1015 1860 1102 1909 magno
1117 1847 1226 1896 locorum
1247 1847 1397 1896 intervallos
1411 1847 1480 1896 nobis
1493 1848 1627 1911 disjunctus
1642 1851 1673 1899 sit

50 1924 167 1983 λ’ύσιιιτά
177 1929 223 1982 νὐ’ν
236 1922 356 1982 ἐκποδών
367 1923 501 2001 γεγονότος
512 1922 581 1999 κάμὲ
597 1928 643 1994 τῆς
653 1927 718 2004 παρ’
729 1924 835 1992 ἐλπίδας
881 1941 905 1985 ei
923 1949 964 1985 me
976 1949 1061 1986 eorum
1079 1935 1121 1998 qui
1131 1934 1273 1997 judicabant
1292 1935 1411 1997 inspersis
1424 1936 1510 1985 lenitas
1526 1939 1672 1998 peremerit?

53 2012 97 2069 τῖεν
119 2012 277 2081 δικαζόντων
301 2011 500 2093 φιλανθρωπίας
523 2011 675 2084 ἀνελούσης.
725 2015 759 2073 Εἰ
784 2013 835 2094 γὰρ
881 2024 905 2073 Si
917 2023 982 2073 enim
995 2023 1115 2086 lapidibus
1126 2023 1246 2085 obrutus,
1260 2022 1280 2071 si
1293 2023 1432 2073 interiectus
1443 2024 1525 2073 inisset
1535 2026 1634 2074 omnino
1649 2029 1673 2074 et

56 2098 174 2175 ίθίύλητο
187 2106 241 2167 τοῖς
255 2101 349 2171 λίθοις,
363 2103 384 2158 εἰ
397 2099 447 2178 γὰρ
461 2099 595 2179 ἀνῄρητο,
615 2100 720 2171 πάντως
735 2099 766 2161 ἀν
780 2104 834 2161 κά·
880 2112 905 2162 in
918 2126 958 2162 me
969 2126 1017 2162 une
1033 2113 1149 2162 exstincte
1161 2112 1261 2161 inissent
1274 2116 1299 2161 et
1309 2114 1405 2162 mortua
1417 2111 1470 2162 bmc
1481 2113 1620 2176 cupiditatis
1633 2115 1672 2164 in·

10 2222 38 2257 n
61 2188 274 2263 μόσυντεθνήκει
286 2189 321 2246 τδι
338 2192 384 2246 τοῦ
396 2190 503 2256 πάθους.
547 2189 586 2249 Τὸ
600 2188 651 2270 γὰρ
673 2190 834 2249 ἀπελπισθὲν
880 2202 972 2251 cendia.
1004 2201 1083 2264 cnjus
1103 2200 1166 2250 enim
1183 2214 1237 2263 spes
1255 2200 1349 2262 abjecta
1374 2202 1447 2250 semel
1463 2204 1513 2261 est,
1531 2202 1624 2252 totlitur
1642 2217 1673 2253 ex

63 2274 127 2350 ίεαξ,
139 2277 321 2361 ίξῄρηταιτῆς
334 2280 422 2357 ψυχῆς
435 2278 481 2334 καί
493 2276 523 2334 τὸ
534 2278 685 2354 μηδαμόθεν
701 2277 739 2337 ἔτι
752 2302 834 2358 προσ·
880 2292 961 2339 animo
980 2292 1005 2339 et
1026 2289 1090 2352 quod
1107 2303 1155 2338 non
1178 2289 1283 2351 amplius
1304 2291 1466 2351 exspectatur,
1487 2289 1570 2346 elicit,
1592 2297 1619 2338 ut
1641 2295 1672 2340 ad

62 2362 191 2442 θεώμενον
218 2367 349 2444 ἀπαλγεῖν
374 2365 569 2446 παρασκευάζει
598 2367 655 2434 τοὺς
677 2368 833 2444 κάμνοντας.
879 2391 977 2427 omnem
989 2376 1187 2427 sensumdoloris
1198 2376 1256 2438 egri
1270 2374 1521 2425 animioccailesesnt.
1553 2378 1671 2426 iiuncri-

64 2452 107 2512 lin
118 2456 139 2513 δ’
152 2458 216 2535 θράν
229 2455 410 2536 φαντάζομαι,
420 2455 548 2532 παρόντος
561 2455 663 2514 ἀκούειν
677 2458 834 2533 ἀπατῶμαι,
880 2465 936 2515 dere
951 2478 989 2514 me
1004 2465 1072 2514 illum
1082 2463 1175 2523 videor,
1187 2477 1229 2525 per
1243 2476 1348 2512 errorem
1361 2465 1504 2525 praesentem
1514 2464 1597 2513 audire
1606 2465 1671 2514 arbi·

64 2542 199 2612 θπιδίζοντα
213 2540 261 2614 τῆν
280 2542 371 2602 ἄδικον
386 2541 530 2613 ἔπιόουλῆν
554 2542 713 2622 αἰσχύνομαι
728 2543 834 2603 συντεύ·
880 2557 939 2615 tror,
950 2553 1051 2615 injustas
1065 2552 1161 2602 insidias
1170 2552 1229 2600 mibi
1241 2550 1429 2614 exprobrantem
1443 2549 1535 2614 alloqui
1544 2553 1670 2602 erubesco.

11 2654 50 2691 a
66 2626 150 2696 ξασθαι.
171 2630 245 2693 Ποτί
258 2630 280 2689 δ’
295 2632 429 2690 ἐπελθόντι
440 2632 486 2690 καὶ
498 2631 670 2703 ἀπολαύσειν,
681 2631 698 2703 θ,
710 2634 755 2691 καὶ
767 2632 834 2704 αὐτ-λ
880 2641 1004 2691 interdurn
1017 2654 1075 2690 vero
1086 2642 1111 2689 et
1122 2634 1266 2689 adveniente
1276 2639 1406 2688 iruitursm
1414 2653 1467 2689 esse
1476 2654 1515 2689 me
1524 2640 1637 2690 existimo
1647 2646 1672 2691 et

67 2720 218 2797 sip'ixstvos
233 2719 379 2801 φοιτήσειν,
401 2719 466 2779 θ’που
481 2723 541 2778 ποτ’
553 2719 585 2778 ἀν
600 2712 617 2796 ᾖ
639 2725 701 2796 γῆς,
715 2722 835 2780 θποτίθε-
879 2728 1151 2792 nonnunqusmipsaed
1162 2726 1345 2786 ilium,ubiubi
1355 2729 1669 2790 terrarumsit,irestatuo.

68 2825 113 2878 iiix
149 2808 237 2868 Ταῦθ’
255 2808 404 2880 θπεκκοιίει,
430 2809 503 2867 ταῦτ’
518 2807 648 2884 ἰκμαίνει·
669 2809 757 2866 δίκαια
773 2810 832 2885 μὲν,
857 2822 939 2885 ΙΗαυ
950 2830 989 2867 me
998 2816 1227 2877 inflammant,bncc
1238 2816 1268 2864 ad
1282 2816 1387 2865 furorem
1397 2815 1504 2877 adigunt.
1538 2819 1670 2880 iustaqui-

59 2878 150 2969 ,diret
169 2894 284 2975 πάσχω·
307 2895 332 2954 τί
355 2894 406 2975 γδιρ
428 2898 457 2953 οὗ
479 2899 613 2973 περιεῖπον
638 2897 697 2952 ἀλλ’
722 2894 834 2953 ἐπεόού-
879 2906 950 2976 dem,
965 2919 981 2953 o
995 2904 1042 2965 dii,
1052 2905 1146 2967 patior:
1159 2917 1204 2952 cur
1215 2905 1278 2953 cuim
1290 2904 1359 2952 ilium
1370 2918 1419 2953 non
1430 2904 1597 2954 benevolentia
1609 2919 1671 2953 corn·

66 2978 136 3056 δενινς
154 2984 180 3043 τί
193 2984 217 3043 δ’
227 2986 279 3063 οὐχ
289 2984 405 3043 ίκέτευον
420 2987 477 3042 ἀλλ’
492 2985 616 3056 ἐδίωκον,
631 2982 765 3064 ἠρνήσατο
786 2983 833 3055 τὴν
879 2993 1009 3056 plecteber,
1022 2992 1064 3042 sed
1082 2992 1173 3041 insidiis
1192 2992 1317 3053 petebam?
1337 3005 1381 3040 cur
1403 3005 1451 3041 non
1467 2994 1568 3054 supplex
1581 2993 1615 3042 ini
1629 2993 1670 3042 sed

26 3073 58 3117 Π
102 3066 109 3091 ’
139 3096 166 3147 νς
191 3073 262 3131 elit
285 3073 482 3152 προσηκόντως.
526 3071 678 3151 Ἀλλστρίαν
703 3072 750 3148 μὲν
774 3075 832 3131 ἀλλ’
879 3081 997 3132 hostiliter
1014 3094 1068 3130 sum
1088 3083 1230 3142 persecuta?
1245 3083 1298 3129 lion
1311 3078 1409 3129 admisit
1422 3080 1529 3142 primurn
1545 3082 1570 3129 et
1583 3081 1670 3129 merito

67 3086 141 3237 H
159 3156 286 3242 πατρῴαν
310 3159 384 3232 εὐνὴν
408 3161 548 3240 ᾐσχύνετο.
591 3160 681 3238 Ἰὐχδν
706 3159 737 3217 διν
756 3184 834 3234 μετε-
857 3172 859 3233 i
879 3170 987 3233 quidem,
1000 3173 1028 3220 ut
1038 3169 1150 3218 alienam.
1183 3167 1268 3217 cubile
1281 3167 1579 3230 paternumreverebaiur.
1613 3171 1671 3216 For·

68 3246 237 3330 ΙΙιίτθηχρόνιρ
245 3248 310 3328 πρὸς
321 3248 351 3307 sb
363 3249 520 3329 ἡμεμέντερον
533 3249 577 3307 καί
587 3254 671 3307 πειθοῖ
685 3251 835 3324 μεταπλατ·
857 3262 859 3269 “
879 3260 947 3309 tassis
962 3257 1084 3309 adductus
1096 3258 1193 3317 luisset,
1207 3270 1263 3306 cum
1278 3259 1388 3318 tempore
1403 3256 1456 3304 turn
1477 3256 1670 3318 persuasionibus
1730 3292 1737 3311 ,

68 3330 161 3409 1ῐίρενος.
202 3337 262 3395 ἀλλ’
275 3342 293 3408 ἧ
308 3336 438 3417 θηριώδης
452 3336 504 3414 ἐγὼ
522 3337 567 3395 καί
582 3336 728 3416 ἀνήμερος,
745 3337 833 3418 ώσπερ
856 3348 859 3353 ’
880 3348 905 3396 in
917 3348 1032 3397 leniorem
1044 3346 1187 3396 senteutiam
1200 3345 1334 3395 traductus.
1367 3343 1470 3406 sedego
1484 3344 1569 3393 ieraet
1582 3347 1667 3394 imnis-

68 3420 189 3505 νίείρώσά
199 3447 269 3490 τινος
280 3427 339 3483 ἀλλ’
351 3425 482 3504 ἄρχουσα,
496 3424 577 3483 δεινόν
590 3423 629 3483 ότι
643 3425 680 3500 μὴ
692 3424 717 3493 ἐξ
730 3426 834 3502 ἐπιτάγ·
856 3448 859 3493 ς
878 3436 928 3496 nis,
948 3435 1018 3497 quasi
1036 3447 1086 3484 non
1106 3446 1213 3483 amarem
1232 3433 1386 3496 quempiam,
1401 3431 1442 3481 sed
1464 3432 1498 3481 iili
1513 3435 1669 3494 imperarem,

25 3510 56 3558 ἶ
68 3526 132 3583 litim
149 3513 296 3587 ὑπήκουσεν
311 3513 478 3589 ἐποιησάμην
494 3516 539 3571 καί
557 3515 580 3571 εί
598 3508 644 3584 τ’ῆς
667 3512 834 3590 Δημαινέτης
856 3504 859 3521 ’
878 3523 976 3573 cmdele
994 3521 1100 3582 iacinus,
1115 3521 1180 3584 quod
1194 3521 1295 3585 imperio
1313 3535 1360 3571 non
1375 3521 1492 3584 paruisset
1506 3524 1531 3569 et
1542 3521 1607 3583 quod
1624 3525 1670 3571 De-

68 3596 165 3681 insite
177 3601 246 3662 πολὺ
261 3601 310 3673 τῆν
324 3601 396 3682 ώραν
411 3603 492 3674 αὐτῆς
506 3601 688 3681 ὑπερόάλλων.
731 3592 833 3661 Ἀλλίέο
856 3616 859 3703 γ
880 3614 1008 3661 maenetsm
1018 3612 1201 3670 contemsisset,
1212 3623 1286 3672 quarn
1297 3610 1450 3672 longeiorma
1460 3609 1602 3672 supersbat,
1615 3624 1668 3672 per·

67 3685 155 3760 γλνεεῖα
166 3690 273 3762 Θίσύη,
289 3690 348 3749 τίνα
368 3689 443 3749 λύσιν
464 3690 596 3765 ὠνόμαζες
612 3681 768 3771 ῥηιδίανςγΩ
791 3690 832 3748 δέ·
879 3701 982 3763 petraei.
1015 3703 1142 3760 Ceterum,
1156 3712 1236 3749 omes
1248 3699 1350 3760 Thisbe,
1364 3712 1439 3761 quam
1452 3698 1598 3748 levationem
1611 3699 1668 3747 inci·

68 3790 154 3854 ῦτιινα,
165 3777 233 3861 ίφη,
248 3786 300 3844 τοῖς
312 3780 416 3845 πολλοῖς
431 3780 504 3855 pind
518 3779 633 3855 Κνήμων
646 3779 771 3850 ὑπεξῆλθε
787 3785 831 3837 τοῦ
878 3791 926 3839 iem
946 3789 1094 3838 nominasti?
1114 3791 1135 3838 0
1154 3788 1265 3848 domim,
1290 3788 1381 3850 inquit,
1404 3788 1537 3836 muliorum
1558 3788 1670 3849 opinione

68 3856 139 3933 ἆτος
148 3867 193 3927 καλ
201 3871 249 3939 τῆς
258 3867 378 3938 Ἀττικῆς
388 3867 522 3947 ἐξώρμησε
535 3871 567 3947 τῇ
579 3868 663 3945 κρίσει
673 3866 832 3943 πειθόμενος,
878 3882 985 3928 cnemon
993 3890 1025 3926 ex
1035 3877 1096 3926 urbe
1105 3876 1166 3926 abiit
1174 3879 1200 3926 et
1210 3877 1289 3927 litiicn
1297 3876 1393 3937 regione
1400 3874 1492 3937 jndicio
1499 3874 1668 3937 obtemperans

25 3940 137 4021 'stili’
154 3957 260 4015 ἅπαντα
274 3956 316 4014 διά
340 3979 369 4014 σε
389 3956 645 4035 πραγματευομένην
666 3958 713 4014 οὐκ
732 3954 832 4028 ἔλαθεν,
878 3965 989 4016 excessit.
1022 3968 1062 4016 tie
1078 3979 1136 4015 vero
1151 3979 1200 4015 non
1218 3964 1669 4027 latuit,propterteeuixeomniain·
1693 3999 1696 4004 -

64 4032 252 4127 ιίνεῖποῦπρθ
273 4049 317 4103 τοῦ
331 4044 422 4110 ἄστεος
441 4045 702 4124 παρακρυπτόμενος.
747 4045 832 4124 Ἀρσι-
877 4053 1356 4117 quirentem,quodbicquodaminioco
1365 4051 1514 4101 enteurbem
1523 4053 1668 4102 occultetur.

61 4120 113 4196 ”ili
126 4132 225 4199 ἀκούεις
239 4154 289 4191 που
308 4132 412 4197 πάντως
427 4131 474 4203 τήν
496 4133 656 4214 αὐλητρίδας
670 4131 752 4212 ταύτῃ
775 4132 832 4190 ἐκέ·
878 4148 913 4193 lie
923 4142 1024 4194 Arsinoe
1032 4142 1131 4192 tibicina
1138 4142 1225 4191 audisti
1234 4141 1397 4205 proculdubio
1406 4157 1412 4189 ε
1421 4154 1478 4190 curn
1489 4140 1534 4190 bac
1541 4155 1669 4191 consueve-

56 4223 141 4287 ΧΡηεο.
180 4221 259 4282 Μετά
272 4220 299 4279 δὲ
313 4222 361 4290 τῆν
375 4221 528 4300 δυστυχίαν,
550 4221 706 4301 ὑποδέχεται
723 4222 800 4280 αὐτὸν
815 4226 831 4293 i,
877 4234 921 4280 rai.
932 4233 987 4280 Posi
994 4231 1156 4301 calamitatem
1165 4230 1249 4293 recipit
1260 4244 1317 4280 eum
1324 4231 1403 4294 puella
1411 4229 1670 4293 etpromitiensseuna

53 4300 140 4383 Νίρσξ
153 4309 200 4368 καί
221 4309 392 4388 συναπαίρειν
416 4309 647 4387 ἐπαγγελλομένη,
669 4312 733 4390 παρ’
752 4313 831 4388 ἑαυτῆ
877 4320 1050 4383 emigraturum
1062 4332 1113 4369 esse
1128 4318 1219 4369 detinet
1233 4318 1300 4368 domi
1313 4332 1364 4368 sure
1377 4317 1546 4368 absconditum
1560 4317 1667 4378 tamdiu,

10 4380 169 4476 ..ῑῑῒίχεη
193 4397 375 4478 κρυπτόμενον
399 4396 478 4473 τίως,
504 4396 552 4463 ἕως
575 4398 607 4455 διν
628 4398 831 4473 συσκευάσηται.
878 4409 957 4472 quoad
974 4423 1025 4459 sese
1040 4407 1071 4456 ad
1088 4409 1133 4458 iter
1147 4408 1286 4457 accinxerit.
1321 4409 1461 4457 Demaeneia
1474 4407 1565 4467 eutem,
1580 4408 1601 4453 0
1615 4404 1669 4453 bes·

44 4463 134 4556 Κθθὴ
150 4485 318 4564 Δημαινέτη,
331 4485 458 4567 Μακαρία
479 4484 526 4561 μὲν
539 4486 673 4567 Ἀρσινόη,
688 4488 766 4568 φησὶ,
786 4495 832 4561 τῆς
877 4501 941 4559 turn,
956 4498 1048 4560 inquit,
1065 4498 1195 4556 Arsinoen,
1210 4500 1262 4545 tum
1277 4498 1375 4559 propter
1390 4496 1496 4558 priorem
1510 4492 1667 4542 consuetudi-

39 4568 71 4611 τί
79 4573 208 4656 πρότερον
219 4574 283 4654 πρὸς
293 4574 427 4652 Κνήμωνα
435 4573 582 4648 συνηθείας,
594 4577 691 4647 καὶτῆς
703 4576 750 4635 σθν
761 4579 833 4659 αὐτῷ
878 4600 947 4644 nem,
957 4599 1014 4648 quae
1025 4586 1060 4635 iili
1079 4598 1136 4634 cum
1149 4588 1272 4635 cnemone
1285 4584 1434 4644 intercessit,
1448 4586 1501 4631 tum
1513 4582 1612 4643 propter
1621 4581 1668 4630 boc

33 4654 100 4714 ’¹¹⁸2
132 4663 353 4743 προσδοκωμένης
374 4666 511 4742 ἐκδημίας.
554 4664 633 4724 Ἀλλὰ
653 4669 678 4723 τί
703 4666 776 4725 ταῦτ’
801 4667 833 4726 ἂν
878 4674 1007 4735 exsilium,
1021 4672 1087 4736 quod
1108 4673 1153 4735 ipsi
1169 4672 1280 4721 cumillo
1300 4669 1408 4733 coutigb.
1441 4668 1489 4720 sed
1503 4667 1668 4731 necquidad

25 4726 77 4835 ⁸5¹³}
101 4752 168 4831 ’πρὸς
182 4755 272 4829 ἡμᾶςς
296 4753 422 4831 Μεγάλα,
447 4751 512 4833 ἔφη,
534 4742 556 4811 ώ
577 4752 709 4812 δέσποινα.
751 4754 833 4833 Ἐρᾶν
877 4775 922 4811 nos
943 4762 1080 4824 pertinent?
1104 4764 1261 4824 magnopere,
1280 4774 1296 4811 o
1314 4761 1420 4810 domins.
1453 4762 1540 4808 Amore
1561 4770 1602 4808 me
1624 4770 1668 4820 ego

17 4826 86 4911 θ’*
109 4838 391 4920 ἀγώπροσποιῆσομαι
415 4846 460 4900 τοῦ
482 4840 639 4917 Κνήμωνος,
656 4844 833 4922 παρακαλίσω
878 4853 1025 4900 Cnemonem
1046 4849 1181 4910 simulabo,
1198 4848 1334 4912 rogsboque
1355 4847 1486 4908 irsiuoiu,
1503 4847 1554 4909 jam
1575 4845 1666 4909 pridem

12 4911 54 5005 τ’,
75 4924 138 4997 τῆν
151 4927 296 5007 Ἀρσινόην,
309 4919 390 4988 οάσάν
413 4952 458 5005 μοι
475 4930 559 4988 πάλαι
574 4929 704 5011 γνώριμον
725 4931 777 4990 ἀπὸ
788 4936 834 5005 τῆς
878 4940 937 4988 milri
947 4941 1030 4989 notam
1038 4952 1067 4988 ex
1077 4940 1182 4998 arte,ut
1193 4951 1232 4988 me
1243 4937 1382 4987 introducet
1393 4939 1467 4986 noctu
1476 4935 1506 4984 ad
1515 4947 1666 4994 enm,suum

10 4998 157 5087 f‘Zit‘cc,
175 5018 325 5096 εἰσαγαγεῖν
344 5041 379 5093 με
401 5021 436 5084 ώς
451 5017 529 5076 αὐτὸν
542 5017 644 5099 νύκτωρ
669 5017 724 5078 ἀνθ’
741 5022 832 5092 αθτῆς·
878 5028 903 5077 in
915 5028 1005 5077 iocum.
1021 5027 1123 5084 Quodsi
1137 5040 1151 5076 a
1163 5040 1202 5076 me
1213 5024 1371 5086 obtinebitur,
1384 5026 1454 5072 tuum
1466 5024 1525 5084 erit,
1541 5024 1569 5071 ui
1582 5021 1666 5084 tejam

10 5094 115 5181 ,⁷³¹9
136 5106 158 5163 εί
181 5104 296 5183 γίνοιτο,
320 5106 366 5164 σδν
394 5105 426 5164 ἂν
447 5106 536 5178 εἴητί
557 5111 673 5167 ἐντεῦθεν
700 5106 834 5189 Ἀρσινόην
879 5116 994 5167 Arsinoen
1007 5129 1058 5167 esse
1073 5118 1143 5178 putes
1162 5118 1186 5165 et
1203 5116 1321 5177 tunquam
1343 5111 1429 5162 illaad
1447 5124 1502 5161 eum
1518 5109 1665 5173 ingredieris.

10 5196 12 5203 '
37 5184 118 5245 *Ἦ
130 5191 210 5252 δοκεῖν
231 5192 277 5252 καί
290 5202 381 5273 φοιτᾶν
399 5194 462 5274 παρ’
477 5193 553 5253 αὐτὸν
567 5198 602 5262 ώς
619 5194 729 5268 ἐκείνην.
772 5198 835 5258 ίίίε-
856 5226 859 5245 ·
880 5206 977 5256 curabo
990 5207 1071 5255 autern
1081 5204 1105 5254 id
1115 5216 1212 5268 quoque
1226 5204 1255 5254 ut
1264 5216 1319 5254 cum
1329 5203 1480 5266 aliquantum
1492 5198 1611 5251 adbiberit
1623 5210 1666 5246 cu·
