3726 5692
804 351 916 411 ernau
940 353 978 411 ιι.
1668 373 1703 424 ac

76 469 185 550 χροιὰν,
201 472 275 552 βόδον
290 474 313 530 δ’
323 471 457 533 ἀνέτελλεν
472 477 502 534 ἐκ
513 477 741 557 τῆςπαρειθίς,ίον
754 479 777 536 δ’
791 482 869 550 ἡτῶν

75 560 221 638 ὀφθαλμῶν
236 559 399 640 ἐμάρμαιρεν
423 561 505 641 αὐγὴ,
521 566 549 622 αἱ
561 564 589 622 δὲ
603 565 685 642 κόμαι
706 566 869 647 βοστρυχού-

77 669 159 720 μιναι
179 648 280 723 μᾶλλον
294 648 436 708 εἱλίσσοντο
460 656 561 711 κιττοῦ.
603 655 726 718 Τοιοῦτος
747 644 779 724 ἦν
794 658 868 714 Λευ-

76 733 181 806 κίππης
191 735 234 794 trel
245 740 297 794 τῶν
308 737 457 818 προσώπων
467 743 481 797 ὁ
492 741 600 815 λειμών.
642 739 676 800 ‘ii
689 740 737 817 μὲν
749 732 792 800 οὖν
804 745 870 818 μετὰ

53 852 66 890 ς
82 822 178 901 μικρὸν
193 827 308 881 άπιοῦσα
326 823 420 904 ᾤχετο·
439 831 486 898 τῆς
499 827 549 905 γδιρ
564 827 671 906 κιθάρας
686 829 767 899 αὐτὴν
781 833 794 886 ὁ
808 853 870 888 και-

80 910 125 988 ρός
138 911 235 969 ἐκάλει·
245 912 305 987 έμσί
320 915 344 969 δ’
359 915 443 972 ἐδόκει
453 923 586 993 παρεῖναι,
599 917 749 975 ἀπελθοῦσα
761 916 811 998 γὰρ
823 918 870 988 τὴν

81 999 184 1079 μορφὴν
198 1001 321 1080 ίπαφῆκέ
344 1026 395 1077 μου
416 1011 469 1070 τοῖς
482 1006 636 1084 ὀφθαλμοῖς.
680 997 870 1072 Ἑαυτοθςοῦν

78 1090 226 1168 ἐπῃνοῦμεν
239 1087 293 1166 ἐγώ
304 1112 332 1147 τε
345 1091 391 1149 καὶ
404 1095 417 1149 θ
431 1092 558 1171 Σάτυρος·
571 1092 623 1170 ἐγὼ
639 1091 685 1167 μὲν
701 1094 814 1167 έμαυτθν
824 1099 870 1164 τῆς

76 1177 280 1253 μυθολογίας,θ
300 1178 323 1235 δ’
337 1177 376 1236 δτι
391 1202 435 1254 μοι
454 1178 500 1246 τὰς
521 1180 641 1260 ἀφορμὰς
655 1181 783 1260 παρέσχε·
800 1183 811 1258 [
826 1183 871 1239 καί

40 1291 62 1330 io
77 1262 145 1339 perd
160 1264 257 1344 μικρὸν
274 1271 319 1326 τοῦ
334 1267 439 1327 δείπνου
464 1267 553 1351 καιρὸς
570 1260 602 1342 ἦν
619 1269 664 1329 καί
680 1269 760 1329 πάλιν
776 1270 871 1348 ὁμοίως

76 1354 285 1431 mutationem]

394 1546 555 1569 *⁴060*-

276 1702 419 1769 ΛΟΓΟΣ
448 1707 676 1773 ΔΕΥΤΕΡΟΣ.

119 1888 161 1949 Α’.
173 1887 249 1964 Ἅμα
257 1889 281 1946 δ’
287 1888 393 1957 {amobe
402 1892 567 1958 lucemburc<
574 1891 617 1950 ε’πί
624 1892 655 1951 τὸ
665 1893 795 1970 δωμάτιον
808 1896 869 1953 ἔθα-

82 1978 182 2057 θίζομεν
193 1983 243 2052 τῆς
254 1977 344 2059 κόρης,
358 1979 548 2061 ἀκροασόμενοι
564 1982 639 2053 δῆθεν
649 1985 701 2040 τῶν
711 1984 870 2061 κιθαρισμά-

82 2094 145 2128 των·
156 2071 188 2128 ού
199 2069 252 2148 γὰρ
263 2069 403 2145 ἠδυνάμην
419 2060 534 2148 ἐμαυτοῦ
550 2069 599 2128 κᾶν
612 2071 653 2129 εἰτ’
666 2071 753 2184 δλίχον
766 2077 870 2152 κρατεῖν

55 2162 124 2224 reem*
136 2157 249 2237 μὴθρᾶν
260 2158 308 2227 τλν
320 2158 410 2236 κόρην.
427 2210 429 2214 ,
452 2157 486 2217 Ἡ
498 2158 526 2216 δὲ
539 2161 641 2237 πρῶτον
652 2157 700 2234 μέν
712 2157 870 2238 ησενὉμή·

86 2267 127 2323 ραι
140 2245 189 2316 τὴν
204 2245 269 2322 πρὸς
283 2243 328 2302 τθν
344 2243 438 2303 λέοντα
451 2251 497 2305 τοῦ
513 2245 573 2312 συδς
584 2246 690 2325 μάχην·
706 2246 795 2306 ἔπειτα
808 2248 837 2306 δέ
846 2272 872 2307 τι

87 2332 127 2389 καί
142 2336 189 2403 τῆς
204 2331 310 2403 ἁπαλῆς
326 2330 426 2409 μούσης
442 2332 571 2411 έλίγαινε·
588 2334 661 2414 βάδον
674 2334 726 2413 γάρ
740 2334 831 2415 ἐπῄνει
842 2336 872 2394 τὸ

90 2409 168 2498 ᾆσμα.
212 2419 249 2480 ili
264 2443 303 2487 τις
317 2418 365 2487 τδις
379 2419 489 2499 καμπθς
506 2425 554 2492 τῆς
565 2422 634 2502 ᾠδῆς
654 2424 780 2502 περιελὼν
796 2423 871 2505 ψιλὸν

93 2506 169 2585 ἔλεγεν
191 2507 319 2587 ἁρμονίας
343 2508 493 2586 τὸνλόγον,
517 2509 597 2576 οῦτως
615 2508 647 2568 δν
661 2501 760 2590 εἶχενθ
783 2512 871 2591 λόγος·

66 2611 86 2651 ai
96 2597 121 2656 ii
133 2598 184 2665 τοῖς
198 2597 302 2656 ἄνθεσιν
313 2596 405 2668 ἤθελεν
416 2601 429 2655 θ
441 2597 506 2665 Ζεὺς
515 2598 643 2657 έπιθεῖναι
657 2601 780 2678 βασιλέα,
791 2600 821 2658 τὸ
834 2600 873 2678 βό·

97 2683 129 2740 θον
142 2683 174 2742 ἂν
187 2686 239 2742 τῶν
254 2684 352 2742 ἀνθέων
368 2683 516 2747 έύασίλευε.
559 2689 613 2757 Γῆς
627 2687 682 2745 έστι
692 2687 803 2764 κόσμος,
818 2712 872 2768 φυ-

99 2773 138 2828 τῦν
154 2773 291 2849 ἀγλάϊσμα
302 2816 310 2843 ,
325 2771 459 2852 ὀφθαλμὸς
472 2773 580 2845 άνθέων,
591 2777 719 2851 λειμῶνος
733 2777 870 2854 ἐρύθημα,

100 2859 179 2927 καλλος
193 2859 353 2940 ἀστράπτον.
395 2858 514 2939 Ἔρωτος
534 2861 622 2934 πνέει,
636 2861 789 2942 Ἀφροδίτην
804 2886 872 2942 προ-

103 2943 167 3020 ίιιιῖ,
181 2951 289 3008 εὐώδεσι
304 2947 409 3028 φύλλοις
420 2957 492 3028 κομᾷ
504 2993 514 3025 ,
528 2948 672 3020 εὖκινήτοις
681 2951 804 3017 πετάλοις
815 2975 873 3028 τρυ·

77 3043 143 3115 αφβ,
155 3038 304 3096 τθπέταλον
316 3040 355 3117 τῷ
370 3035 480 3117 Ζεφύρῳ
493 3038 569 3117 γελᾷ.
613 3037 649 3097 Ἡ
662 3035 709 3113 μίν
716 3037 789 3096 ταῦτ’
800 3029 871 3117 ᾖδεν·

105 3122 143 3200 ἐγώ
160 3126 180 3183 δ’
196 3126 300 3184 ἐδόκουν
313 3125 343 3182 τὸ
359 3125 432 3206 βάδον
447 3124 491 3182 ίπὶ
514 3128 567 3193 τῶν
580 3124 689 3204 χειλέων
705 3127 785 3196 αὐτῆς
800 3127 873 3196 ἰδεῖν,

107 3214 163 3276 ιἰιςιί
176 3238 213 3282 τις
236 3214 349 3280 κάλυκος
363 3212 394 3271 rb
409 3212 546 3294 περιφερές
560 3215 596 3280 είς
611 3213 658 3285 τὴν
679 3220 724 3274 τοῦ
744 3216 874 3290 στόματος

108 3296 184 3361 ίιιλεισε
198 3301 312 3384 μορφήν.

138 3388 171 3451 B'.
185 3390 238 3450 Καὶ
258 3388 319 3470 άρτι
338 3388 458 3448 πέπαυτο
472 3392 524 3448 τῶν
537 3389 732 3471 κιθαρισμάτων
755 3389 800 3467 καί
819 3389 874 3448 πά-

82 3472 139 3535 ισλιν
149 3482 188 3536 τοῦ
208 3477 313 3537 δείπνου
332 3479 420 3558 καιρθς
438 3470 482 3550 ἦν.
524 3469 579 3538 Ἦν
598 3478 647 3559 γὰρ
669 3479 744 3559 ἑορτὴ
759 3502 873 3558 προτρυ·

111 3562 166 3634 luiso
175 3567 298 3627 Διονύσου
310 3567 378 3626 τότε.
421 3566 475 3627 Τὸν
487 3567 539 3646 γάρ
554 3567 678 3626 Διόνυσον
692 3566 787 3646 Τύριοι
801 3567 874 3642 νομί-

112 3651 176 3714 locu
188 3660 299 3728 ἑαυτῶν,
313 3657 371 3714 ἐπεὶ
382 3655 428 3714 καί
438 3655 482 3714 τὸν
496 3655 608 3732 Κάδμου
619 3660 699 3732 μῦθον
710 3653 815 3734 ᾅδουσι·
830 3655 874 3712 καὶ

111 3740 235 3822 τῆςίορτῇς
251 3747 404 3821 διηγοῦνται
423 3744 526 3822 πατέρα
547 3749 636 3821 μῦθον,
654 3735 720 3801 οἶνον
739 3745 786 3801 οὐκ
808 3732 874 3800 εἶναί

110 3844 156 3887 ποτε
177 3832 237 3912 παρ’
262 3830 421 3911 ἀνθρώποις,
447 3829 548 3910 [οὔπω
568 3832 631 3910 παρ’
648 3833 744 3903 αὐτοῖς,
759 3830 770 3907 ]
784 3831 813 3887 οὗ
832 3830 875 3888 τὸν

80 3913 202 3992 ίίμελανα,
214 3922 259 3979 τὸν
275 3920 432 3997 ἀνθοσμίαν,
448 3921 478 3978 ού
496 3918 541 3978 τθν
552 3923 600 3990 τῆς
617 3917 726 3984 Brittan
740 3916 875 3995 ἀμπέλου,

107 4002 178 4064 νίτθν
190 4009 320 4088 Μάρωνος
333 4010 376 4066 τὸν
386 4005 515 4087 Θρᾴκιον,
525 4008 555 4065 ού
564 4009 631 4068 Χῖον
639 4005 683 4064 τὸν
694 4008 724 4064 έκ
732 4004 875 4077 Λακαίνης,

104 4093 174 4153 eide
185 4094 290 4175 Ἰκάρου
299 4097 344 4153 τὸν
353 4094 497 4172 νησιώτην,
506 4094 574 4153 iiii
585 4090 690 4160 τούτους
701 4091 749 4170 μέν
759 4092 876 4159 ἅπαντας

103 4175 289 4251 induruerint
301 4184 406 4263 Τυρίων
418 4182 576 4264 ἀνθρώπων·
589 4183 638 4252 τὴν
653 4183 680 4240 δὲ
692 4180 800 4261 πρώτην
812 4183 874 4260 παρ’

99 4272 176 4340 αὐτοῖς
189 4277 268 4354 φῦναι
279 4275 331 4330 τῶν
341 4271 416 4331 οἴνων
430 4267 542 4351 μητέρα.
588 4261 665 4332 Εἶναι
674 4268 725 4348 γὰρ
738 4271 791 4327 ἐκεῖ
804 4269 876 4349 φιλό-

65 4354 160 4425 εοξινόν
173 4383 231 4417 τινα
258 4358 394 4440 βουκολον,
419 4349 473 4418 οἷον
486 4359 530 4417 τὸν
556 4358 671 4438 Ἰκάριον
687 4357 818 4428 Ἀθηναῖοι
833 4355 876 4414 λε’·

94 4469 178 4525 γουσι,
192 4447 237 4507 καὶ
251 4453 342 4508 τοῦτον
355 4450 468 4508 ἐνταῦθα
477 4451 523 4506 τοῦ
536 4446 619 4522 μύθου
630 4444 750 4525 γενέσθαι
764 4443 875 4525 πατέρα·

93 4532 148 4594 ύσον
162 4535 279 4595 Ἀττικὸν
296 4526 365 4594 εἶναι
379 4540 473 4597 δοκεῖν.
518 4535 583 4596 Ἐπί
603 4542 693 4594 τοῦτον
708 4527 771 4606 ἧκεν
785 4538 799 4592 θ
814 4534 876 4593 Διό-

58 4692 61 4697 ,
91 4647 164 4691 νυσος
182 4624 227 4683 τθν
245 4622 415 4702 βουκολον·θ
438 4624 461 4682 δ’
481 4624 554 4706 αὐτῷ
568 4625 753 4705 παρατίθησιν,
779 4621 828 4679 ὅσα
842 4626 876 4696 γῆ

89 4712 161 4793 φέρει
179 4712 227 4770 καί
240 4710 330 4789 άμιιξα
355 4713 437 4790 βοῶν·
450 4713 529 4770 ποτθν
553 4713 575 4770 δ’
589 4704 620 4783 ἦν
643 4712 704 4791 παρ’
722 4713 808 4777 αὐτοῖς
824 4699 876 4768 οἷον

49 4836 74 4874 45
87 4800 135 4860 καί
144 4805 159 4859 δ
168 4806 230 4879 βοῦς
241 4800 342 4859 ἔπινεν·
353 4798 428 4857 οὔπω
439 4799 490 4881 γάρ
498 4799 527 4859 τὸ
539 4802 667 4879 άμπέλιον
680 4793 722 4872 ἦν.
767 4798 801 4858 Ὁ
816 4798 876 4857 Διό-

87 4912 167 4956 νυσος
181 4885 275 4969 [καί]
296 4887 400 4946 ἐπαινεῖ
416 4891 463 4959 τῆς
483 4889 670 4969 φιλοφροσύνης
692 4887 736 4945 τὸν
753 4887 876 4965 βουκόλον

86 4977 134 5036 καί
153 4978 228 5055 αὐτῷ
241 4975 364 5056 προπίνει
382 4974 477 5035 κύλικα
498 4977 661 5057 φιλοτησίαν.
703 4975 743 5034 Τὸ
754 4974 781 5033 δὲ
796 4976 875 5032 ποτὸν

86 5056 156 5133 οἶνος
173 5055 214 5137 ἦν.
255 5063 290 5124 Ὁ
305 5063 333 5123 bi
346 5061 413 5121 πιὼν
426 5067 469 5144 ὑφ’
482 5066 576 5136 ἡδονῆς
595 5062 754 5143 βακχεύεται
775 5064 820 5121 καὶ
833 5062 877 5119 λέ-

89 5176 132 5233 γει
143 5152 209 5233 πρὸς
223 5151 350 5212 τὸνθεόν·
365 5151 460 5229 ίίόθεν,
472 5141 494 5211 ὦ
509 5151 578 5231 ξένε,
590 5155 629 5213 σοί
641 5151 670 5210 τὸ
680 5151 749 5231 ὕδωρ
761 5151 876 5209 ταῦτατὸ

916 491 1124 552 solorrenidebat‚
1132 506 1248 543 rosarem
1257 495 1560 558 ingenisronspiciebalur.
1572 499 1704 549 Oculorum

917 579 996 639 iulgor
1015 580 1132 630 violarum
1147 582 1298 642 splendorem
1312 584 1461 633 imitabatur.
1495 587 1644 647 capillorum
1654 589 1705 637 cin-

917 668 981 716 cinni
992 667 1088 717 lrederre
1107 670 1300 720 contortionibus
1314 671 1494 734 impitratiores.
1528 680 1562 724 Ac
1577 675 1625 725 tale
1643 679 1705 735 erat,

917 755 982 817 quod
992 756 1056 806 illius
1064 757 1135 807 iacies
1142 760 1238 821 pratum
1248 759 1375 809 referebat.
1408 764 1462 810 Non
1472 763 1550 812 multo
1560 766 1642 812 antem
1651 772 1706 826 post

918 843 971 892 lraec
982 844 1047 894 illinc
1056 844 1115 894 abiit
1128 865 1135 896 ι
1146 847 1270 908 pulsandas
1281 849 1345 897 enirn
1356 849 1455 898 citbarae
1470 853 1568 914 tempus
1578 865 1633 902 eam
1644 852 1708 902 iuri·

917 932 1000 981 tabat:
1016 933 1073 982 milri
1085 933 1167 983 adesse
1180 935 1317 997 videbatur,
1331 939 1416 999 utpote
1436 952 1492 1000 quae
1508 941 1568 989 meis
1584 940 1609 989 in
1629 940 1706 990 oculis

918 1021 1044 1082 imaginem
1057 1034 1126 1071 suam
1138 1021 1262 1074 discedens
1279 1026 1416 1087 reliquerat.
1450 1029 1550 1089 Satyrus
1568 1031 1649 1078 autem
1667 1037 1705 1078 at·

917 1121 964 1171 que
975 1122 1019 1171 ego
1036 1113 1130 1159 nosmet
1146 1124 1175 1160 ea
1188 1112 1283 1162 ratione
1301 1116 1386 1163 mutuo
1405 1115 1617 1177 commendamus,
1639 1119 1704 1179 quod

917 1197 968 1260 ipse
979 1198 1072 1247 tabulas
1080 1211 1231 1261 narrassem,
1249 1202 1288 1251 ilie
1300 1203 1415 1252 narrandi
1423 1206 1573 1256 occasionem
1587 1206 1705 1270 prebuis-

917 1285 962 1333 set.
997 1283 1103 1346 [Paullo
1114 1290 1169 1348 post
1185 1289 1296 1338 coenandi
1313 1293 1409 1354 tempus
1429 1294 1496 1342 venit
1515 1298 1539 1344 et
1558 1295 1661 1358 priorem
1680 1295 1706 1344 in

918 1372 1017 1422 modum
1027 1387 1109 1425 rursus
1118 1375 1282 1428 accubuimus.
1294 1379 1303 1442 ]

1230 1551 1373 1574 -3000—

1039 1667 1042 1675 ’
1104 1714 1239 1780 uranu
1266 1716 1518 1786 SECUNDUS.

950 1908 970 1955 1.
983 1909 1077 1957 interea
1088 1907 1146 1957 dum
1154 1910 1263 1958 nostrum
1273 1909 1335 1958 alter
1343 1909 1446 1958 alterum
1454 1909 1573 1970 laudaret,
1581 1911 1611 1960 ad
1619 1913 1705 1974 puellae

918 2012 1052 2061 thalamum
1065 2013 1232 2075 pervenimus,
1242 2027 1295 2063 οειιι
1305 2013 1416 2063 uidelicet
1427 2014 1519 2063 citlrara
1528 2019 1655 2066 canentem
1664 2030 1707 2065 au-

918 2122 992 2171 dituri
1001 2140 1007 2171 ι
1017 2136 1032 2171 a
1041 2135 1090 2185 qua
1099 2124 1284 2187 contemplanda
1296 2138 1327 2174 ae
1336 2125 1463 2174 minimum
1474 2125 1573 2187 quidem
1584 2129 1707 2178 continere

918 2234 967 2296 ipae
985 2247 1024 2284 me
1047 2239 1165 2298 poteram.
1199 2236 1242 2286 ille
1261 2237 1359 2286 Homeri
1374 2237 1426 2285 suis
1439 2249 1496 2286 cum
1514 2237 1584 2286 leone
1603 2251 1706 2300 pugnam

918 2344 1038 2409 primurn,
1052 2345 1214 2398 aliuddeinde
1224 2346 1418 2408 multimodam,
1431 2360 1492 2397 rose
1500 2348 1592 2397 scilicet
1604 2348 1707 2408 laudes,

919 2450 1015 2500 cecinit.
1049 2456 1084 2503 Ac
1096 2433 1180 2514 nouis
1193 2451 1266 2501 rerba
1281 2451 1333 2500 sine
1345 2452 1453 2528 numeris
1466 2451 1554 2501 reterre
1570 2451 1645 2512 uelit,
1658 2453 1705 2501 lru·

916 2554 1021 2615 jnsmudi
1031 2556 1206 2618 propemodum
1217 2557 1296 2606 eremi
1307 2575 1314 2605 ι
1325 2555 1350 2607 si
1363 2567 1441 2618 regem
1451 2555 1551 2606 lloribus
1561 2557 1708 2608 constituere

918 2662 1013 2724 iupiter
1029 2662 1157 2724 voluisset,
1174 2675 1229 2712 rosa
1249 2662 1348 2712 lloribus
1366 2662 1504 2726 imperaret.
1537 2666 1618 2714 Terrae
1633 2678 1705 2714 orna·

919 2769 1029 2816 mentum
1049 2768 1098 2826 est,
1120 2767 1257 2829 plantamm
1278 2767 1400 2830 splendor,
1415 2769 1501 2818 oculus
1516 2768 1618 2828 tiorum,
1644 2770 1706 2832 prati

920 2871 1003 2933 rubor,
1020 2870 1151 2933 percutiens
1161 2871 1324 2934 pulchritudo.
1358 2877 1471 2921 Amorem
1485 2872 1575 2935 spirat,
1588 2876 1706 2922 venerem

920 2975 1032 3024 conciliat
1040 3011 1049 3036 ‚
1061 2975 1168 3024 odoratis
1184 2975 1245 3024 toliis
1263 2974 1386 3035 luxuriat,
1399 2975 1509 3023 tremulis
1522 2975 1661 3034 frondibus,
1679 2987 1708 3023 ac

919 3080 1015 3141 aeptryri
1035 3078 1117 3128 attiatu
1131 3077 1265 3127 ridentibus
1275 3077 1387 3127 deiectat.
1399 3077 1542 3138 Huiusmodi
1558 3082 1709 3127 sanecantus

919 3183 984 3232 illius
996 3184 1056 3232 erat.
1090 3181 1149 3231 iililri
1160 3193 1217 3230 rere
1237 3181 1261 3229 iu
1273 3181 1347 3243 ipsius
1361 3180 1434 3230 labris
1449 3194 1527 3230 rosam
1539 3180 1622 3230 videre
1639 3180 1707 3230 ride·

921 3291 972 3348 bar,
982 3291 1009 3338 ut
1020 3289 1040 3337 si
1051 3288 1106 3351 quia
1117 3287 1204 3338 calathi
1213 3287 1333 3337 ambitum
1343 3288 1392 3337 oris
1403 3289 1481 3336 torma
1490 3287 1612 3336 terminet.

952 3399 984 3445 ii.
996 3394 1044 3444 Vix
1058 3397 1140 3444 autem
1153 3393 1254 3443 canendi
1273 3393 1344 3442 linem
1357 3394 1454 3454 iecerat,
1465 3406 1540 3456 quum
1553 3406 1630 3441 crena.
1644 3394 1707 3442 tem·

921 3498 965 3546 pus
986 3485 1061 3534 uenit.
1095 3488 1129 3533 Αο
1147 3485 1201 3532 tum
1223 3483 1286 3532 torte
1301 3482 1433 3544 Protrygmi
1456 3481 1561 3543 Dionysii
1583 3482 1637 3530 testi
1657 3480 1708 3530 dies

921 3572 1104 3622 celebrabantur
1115 3589 1122 3622 ε
1134 3584 1207 3635 quern
1223 3572 1297 3620 deum
1309 3571 1374 3633 Tyrii
1386 3570 1431 3619 sibi
1450 3570 1574 3619 vindicant
1590 3582 1667 3619 :nam
1683 3574 1708 3620 et
1805 3630 1810 3635 ¹

921 3661 1006 3713 cadmi
1028 3660 1133 3710 tabulam
1157 3660 1262 3720 canunt,
1277 3661 1301 3709 et
1315 3659 1460 3710 celebritatis
1478 3660 1531 3720 eius
1553 3659 1708 3710 instituendae

921 3751 1036 3812 originem
1054 3748 1193 3812 hujusmodi
1217 3748 1323 3797 tabulam
1347 3747 1462 3807 tradunt,
1478 3746 1571 3796 nulium
1597 3747 1709 3797 uidelicet

921 3840 979 3888 olim
1000 3839 1083 3887 riuum
1108 3836 1220 3886 mortales
1235 3818 1348 3885 babuisse
1364 3855 1370 3883 ε
1387 3835 1496 3884 nondum
1510 3835 1575 3884 enim
1596 3836 1707 3898 nigrum,

921 3927 987 3991 quod
998 3926 1164 3976 Antbosmiam
1172 3926 1268 3984 vocant,
1278 3937 1327 3973 non
1336 3924 1469 3982 Biblinum
1478 3926 1679 3974 nonblarouaeum
1694 3938 1708 3975 ο

921 4015 1039 4074 Thracia,
1053 4028 1101 4063 non
1113 4015 1202 4065 cbinm
1216 4027 1247 4063 ex
1261 4016 1377 4073 Lacaena,
1399 4025 1448 4061 nou
1463 4013 1566 4061 icarium
1580 4026 1611 4061 ex
1630 4013 1708 4062 insula

922 4107 1041 4166 repertum
1057 4105 1135 4152 tuerat
1149 4115 1157 4150 ι
1173 4101 1216 4151 aed
1234 4100 1340 4163 a't'yriis
1363 4113 1392 4149 ea
1408 4100 1491 4149 omnia
1506 4113 1637 4150 manasse:
1661 4101 1708 4163 pri-

922 4206 1035 4254 mamque
1058 4192 1121 4241 iilius
1142 4190 1327 4253 procreatricem
1343 4189 1408 4251 apud
1423 4202 1448 4238 se
1462 4190 1591 4240 exstitisse.
1624 4188 1709 4237 Fuisse

922 4281 1041 4331 enimiliic
1052 4282 1172 4343 pastorem
1181 4278 1322 4342 quemdam,
1332 4277 1486 4340 hospitalem,
1496 4278 1592 4341 qualem
1604 4276 1708 4326 icarium
1783 4326 1787 4332 ,

922 4369 1078 4421 Athenienses
1095 4371 1246 4427 memorant,
1262 4368 1304 4431 qui
1320 4367 1409 4417 tabulae
1422 4369 1507 4416 auctor
1521 4365 1554 4414 ibi
1570 4365 1642 4423 tuerit
1653 4397 1661 4423 ‚
1673 4364 1708 4413 ita

922 4462 949 4508 ut
964 4459 1043 4508 Attica
1061 4471 1112 4508 esse
1129 4456 1261 4507 rideretur.
1295 4456 1332 4506 Ad
1356 4469 1412 4505 eum
1433 4454 1558 4504 divertisse
1577 4450 1708 4513 adunando

922 4549 1063 4611 Dionysium
1081 4561 1088 4596 2
1107 4549 1145 4596 cui
1162 4546 1258 4608 quidem
1276 4546 1315 4595 ille
1329 4557 1481 4608 quaecunque
1495 4546 1559 4591 terra
1584 4542 1659 4603 gignit
1679 4554 1709 4593 ac

923 4637 996 4686 boum
1007 4636 1140 4697 plaustrum
1149 4671 1156 4695 ,
1165 4633 1303 4695 apposuerit
1314 4647 1320 4680 ι
1335 4636 1419 4694 potum
1430 4641 1489 4678 vero
1499 4629 1554 4690 ipsis
1563 4641 1612 4678 non
1622 4628 1707 4690 alium,

921 4735 995 4785 quam
1012 4721 1054 4785 qui
1069 4720 1147 4769 bobus
1166 4722 1202 4769 est
1216 4719 1365 4778 communis.
1378 4718 1464 4776 luisse,
1487 4715 1553 4779 quod
1571 4717 1627 4767 vltis
1643 4731 1707 4767 non-

922 4812 980 4860 dum
994 4811 1151 4873 appamisset.
1186 4809 1291 4858 Pastoris
1305 4806 1476 4867 benignitatem
1496 4805 1637 4870 Dionysium
1652 4807 1706 4857 iau·

922 4900 1027 4959 davisse,
1041 4899 1211 4959 hominemque
1221 4898 1306 4959 poculo
1319 4894 1493 4944 benevolentius
1504 4908 1560 4958 ergo
1572 4895 1705 4946 invitasse:
1752 4921 1767 4949 μ

921 4992 992 5052 potus
1002 4990 1083 5037 autern
1096 4989 1149 5036 erat
1160 4985 1253 5035 vinum.
1287 4984 1349 5035 illuri
1359 4996 1436 5047 quum
1451 4984 1581 5046 hausisset,
1594 4999 1646 5048 prm
1661 4999 1706 5033 ro-

922 5078 1013 5140 luptate
1023 5076 1110 5140 gestire
1119 5074 1228 5137 erupisse,
1241 5076 1315 5137 atque
1325 5072 1355 5122 ad
1367 5072 1440 5123 deum
1452 5087 1596 5124 conversum
1608 5072 1705 5132 dixisse,

922 5167 1047 5217 Undenam
1061 5165 1120 5225 tibi,
1141 5164 1241 5226 hospes,
1256 5175 1376 5226 purpurea
1394 5163 1447 5214 lraec
1460 5177 1523 5227 aqua
1536 5164 1589 5213 est!
1604 5162 1646 5211 aut
1664 5161 1704 5209 ubi
