3726 5692
776 344 890 403 iluna
914 347 969 405 ΙΙΙ.

56 489 107 548 καὶ
120 489 160 567 μῆ
174 486 299 568 πρότερον
313 485 381 544 άλλδι
395 490 439 543 νῦν
457 488 482 561 γ’
498 487 620 564 ἐπαρκιῦν
639 485 685 544 καί
696 508 754 543 τινα
768 506 850 562 προσ.
896 498 967 548 opem
981 484 1015 533 iiii
1028 485 1106 534 terens
1117 486 1141 534 et
1156 484 1274 534 adhibens
1290 484 1493 536 medicamentum
1505 488 1617 550 aliquod,
1633 490 1685 538 otii·

59 579 135 656 ἆγων
148 577 231 649 ἴασιν,
244 573 351 639 δικαίως
365 573 412 648 μέν
434 572 466 631 ἂν
484 573 549 651 πρὸς
562 577 634 648 ἡμᾶς
643 574 688 630 καί
704 571 792 652 φιλίαν
804 569 850 643 silv
897 586 963 639 cium
974 584 1067 645 iustum
1083 597 1139 646 erga
1148 599 1193 635 nos
1200 585 1378 648 amicitiamque
1389 591 1512 646 nostram,
1527 589 1686 651 conjunctum

59 664 206 744 ἡμτίοαν,
225 662 338 725 εὐανθῶν
358 661 385 718 ai
408 660 515 741 πρὸιτὸ
538 665 604 720 θεῖον
627 659 740 732 ποιοίης.
782 651 852 719 Οἶδα
898 699 954 734 cum
976 685 1132 748 ρυιειεεεςε
1149 684 1238 746 neum,
1252 686 1345 735 recens.
1378 687 1445 744 sero,
1466 687 1532 749 quoa
1545 689 1687 741 minimest

63 757 100 821 ὡς
111 751 189 814 οὐδέν
203 752 314 863 ‘liat‘
336 750 486 830 θωλοθώθ)
499 773 540 809 ⁶⁰²
564 750 594 810 τὸ
608 759 734 832 '‘ialin‘’
749 753 853 827 βω·
897 785 1060 846 tibidiiircile,
1074 784 1094 834 si
1108 784 1181 835 modo
1193 787 1314 861 volueris,
1332 788 1525 850 fascinationem,
1538 795 1565 840 ut
1577 792 1627 854 ipse
1638 795 1687 852 ais,

43 842 132 916 ινίαν,
143 846 181 909 ὥς
193 840 272 907 αὐτὸς
284 862 360 920 ιφης,
374 838 513 897 ἰάσασθαι·
526 838 671 920 προφήταις
684 839 731 914 μὲν
745 837 796 918 γάρ
808 835 853 896 καλ

65 930 101 990 τέ
126 934 243 1010 μέγιστα
264 933 406 1008 κατορθοῦν
433 931 479 988 οίκ
507 930 641 991 ἀδύνατον.
688 928 852 1006 Ὡμαλόγουν

69 1018 250 1095 ἐμιλκκέναι,
273 1015 432 1098 σοφιστεύων
453 1015 499 1075 καί
530 1017 595 1096 πρὸς
615 1021 711 1077 ἐκεῖνον
739 1017 783 1075 καὶ
806 1015 854 1087 τὴν
1120 1090 1126 1100 .
1168 1090 1174 1101 .

10 1154 12 1161 .
70 1112 204 1187 παροῦσαν
219 1107 337 1165 ἐνδοῦναι
354 1104 531 1186 παρεκάλουν,
543 1104 611 1184 ἔχειν
626 1106 676 1187 γάρ
688 1130 713 1164 τι
725 1110 854 1164 συνθεῖναι
898 1090 1003 1153 mium
1014 1089 1347 1185 P'aeaenuffdaeifflflffldefflt
1356 1093 1522 1157 P⁰⁸¹¹¹¹⁸b³¹⁰›
1536 1097 1601 1158 (1⁰⁰⁶
1611 1109 1687 1146 ‘diem

73 1194 133 1271 πρὸς
152 1193 201 1266 ,ἢν
223 1192 305 1254 ἴασιν,
348 1193 388 1253 Τὸ
401 1192 427 1252 δὲ
447 1194 502 1252 νυνὶ
521 1194 653 1274 mptum
668 1193 852 1274 χόρηςῖωμες,
898 1189 988 1252 aliquid
1002 1190 1179 1252 compositurus
1190 1190 1215 1239 in
1230 1204 1301 1240 arsum
1314 1192 1491 1244 medicamenti.
1525 1198 1594 1245 Nunc
1607 1200 1688 1247 autem

51 1281 143 1363 ιοέφην,
165 1281 371 1366 ἐπισκεψόμενοι
386 1285 410 1340 τ’
431 1282 612 1364 ἀκριβέστερον
634 1282 680 1342 καί
694 1287 855 1362 παραμυθη-
899 1289 929 1337 ad
946 1290 1061 1353 virginem
1080 1302 1176 1352 eamus,
1190 1291 1304 1353 inquam,
1323 1293 1459 1355 diligentins
1473 1295 1647 1346 consideraturi
1665 1301 1690 1348 et

81 1371 173 1452 θίγΜι
187 1372 252 1454 πρὸς
268 1371 328 1432 ὅσον
353 1372 472 1432 δυνατόν.
513 1370 585 1446 Ἅμα
602 1371 641 1446 δὲ,
657 1361 679 1430 ὖ
694 1369 853 1451 Χαρίκλῑῑι,
899 1390 978 1452 quoad
992 1390 1357 1453 sreripotcstenmcousolaturi.
1390 1394 1466 1444 Simul
1476 1407 1543 1456 vero,
1555 1396 1689 1459 chariclea,

1629 361 1680 410 nsi

897 897 990 934 curare.
1016 884 1138 934 Antbtitea
1146 884 1210 935 enirn
1220 887 1258 935 rei
1270 885 1375 936 maxima
1384 891 1498 950 praestare
1509 893 1619 951 possunt.
1644 895 1688 941 Fa-

898 984 968 1034 tebar
977 997 1017 1034 me
1028 985 1175 1047 neglexisse,
1193 985 1227 1036 iili
1239 1000 1336 1050 quoque
1354 988 1436 1037 sucum
1449 989 1538 1039 iaciens
1554 994 1579 1040 et
1590 996 1617 1039 ul
1628 991 1688 1041 milri

85 1460 198 1540 βνίλομαί
212 1485 243 1520 σε
258 1460 305 1519 καλ
318 1460 411 1538 λόγους
426 1458 497 1526 τινὰς
517 1459 583 1537 ὑπὲρ
597 1462 660 1535 ἐμοῦ
675 1463 780 1531 κινῆσαι
791 1457 855 1537 πρὸς

10 1564 13 1569 “
87 1546 216 1620 abscide
233 1548 280 1609 καί
297 1548 496 1628 γνωριμώτερον
519 1549 652 1627 ἀποφῆναι
671 1547 856 1626 παρακαταθέ·

10 1646 17 1663 “
89 1660 158 1715 μενον,
168 1636 241 1704 ὅπως
253 1637 287 1695 δν
297 1635 451 1715 οἰκειότερον
468 1634 564 1714 ἐχουαα
578 1634 642 1716 πρός
659 1658 691 1712 με
706 1634 855 1715 θαρραλεώ·

63 1746 145 1806 ιοπριν
154 1725 264 1802 ἰώμενον
284 1724 440 1804 προσίηται.
480 1722 614 1802 Γιγνέσθω
629 1728 723 1796 ταῦτα,
738 1723 799 1804 ἔφη,
811 1722 856 1780 καί

177 1838 199 1874 ν.

90 1816 297 1972 ἭἘπιιδῆ
309 1889 353 1958 οθν
372 1898 520 1976 ἐπέστημεν
544 1903 576 1980 τῇ
597 1898 743 1980 Χαρικλείᾳ
760 1897 793 1956 τά
809 1897 856 1975 μὲν

89 1988 195 2050 uitari
210 1989 243 2048 ἄν
260 2011 300 2054 τις
313 1988 396 2066 λέγοι.
438 1986 591 2048 Δεδούλωτο
605 1987 652 2063 μὲν
672 1987 723 2066 γάρ
747 1989 855 2065 θλοσχε·

89 2081 175 2159 ρῦςτῖρ
190 2078 270 2137 πάθει
288 2077 337 2149 καίΙ
356 2076 405 2148 τὴν
425 2074 537 2154 παρειὰν
554 2075 606 2147 ἤδη
623 2076 653 2133 τὸ
675 2074 749 2141 ἄνθος
767 2074 858 2155 ἔφευγε

10 2212 12 2227 .
43 2164 164 2225 ‘balab
176 2165 269 2247 φλάγον
292 2170 338 2224 τοῦ
360 2162 512 2244 βλέμματος
527 2164 648 2239 καθάπερ
671 2160 762 2220 ὕδασιν
782 2160 858 2242 ἐῴκει

88 2259 132 2320 rrlr
157 2254 278 2333 δάκρυσιν
304 2250 533 2330 άποσθεννυμίνῳ.
577 2248 742 2309 Κατέστελλε
768 2249 791 2307 δ’
814 2240 859 2308 οῦν

88 2336 243 2414 θμιςσθτὴν,
256 2340 399 2418 ἐπειδήπερ
411 2345 482 2416 ἡμᾶς
496 2338 624 2396 ἐθεάσατο
634 2337 680 2396 καὶ
690 2336 754 2417 πρδς
767 2336 798 2394 τὸ
812 2336 860 2394 σύ-

89 2432 152 2499 ilfi<
162 2432 266 2510 βλέμμα
280 2429 328 2488 καὶ
342 2429 447 2509 φθέγμα
461 2426 591 2495 παντοίως
605 2426 745 2504 ἐπανάγειν
758 2425 858 2494 ἐβιάζε-

89 2535 123 2575 it·
161 2515 315 2599 Περιδαλὼν
336 2518 360 2576 δ’
376 2514 459 2588 αὐτὴν
472 2521 486 2574 θ
501 2516 638 2595 Χαρικλῆς
652 2515 697 2573 καὶ
713 2514 794 2595 μυρία
807 2537 858 2572 καυ

43 2658 46 2663 .
59 2618 82 2659 ¹⁵
89 2607 219 2687 ταφιλῆσας
226 2607 271 2667 καὶ
281 2605 422 2688 θεραπείας
429 2604 501 2665 οὐδὲν
511 2604 657 2678 ἀπολιπὼν,
664 2594 703 2664 Ὦ
713 2604 859 2684 θυγάτριον,

90 2677 209 2768 fidam,
225 2694 326 2773 ἐλεγιν,
338 2693 385 2770 eol
395 2693 439 2752 τδν
454 2691 557 2772 πατέρα
569 2691 691 2772 κρύπτεις
707 2691 721 2750 δ
734 2691 859 2770 πάσχεις,

91 2778 132 2839 καί
140 2784 277 2865 βασκανίαν
293 2787 430 2841 θποστᾶσα
450 2789 551 2861 σιωπᾷς
568 2781 657 2860 ὥσπερ
675 2782 800 2840 άδικοῦσα
814 2781 860 2838 καὶ

93 2866 279 2952 οθειίδικιγμίνη
291 2873 365 2950 παρὰ
375 2875 428 2930 τῶν
442 2873 530 2937 κακῶς
544 2869 651 2928 ἰδόντων
662 2893 691 2928 σε
705 2870 859 2950 θφθαλμῶν;

83 2942 152 3019 ’dm
176 2964 274 3044 θάρσει.
318 2960 528 3040 Παρακέκληται
550 2958 698 3038 Καλάσιρις
721 2963 734 3016 θ
767 2957 859 3034 σοφὸς,

52 3040 153 3107 ι*ἐιιιιν
160 3051 213 3111 τινά
227 3074 268 3111 σοι
279 3048 447 3129 πορίσασθαι,
490 3047 607 3113 Δυνατθς
622 3047 644 3103 δ’
662 3044 739 3125 ἁνὴρ,
758 3045 861 3124 ἄριστος

96 3126 163 3223 [ἐν]
175 3138 247 3222 τίπερ
261 3163 300 3206 τις
314 3138 393 3205 ἄλλος
402 3136 449 3208 τὴν
465 3136 536 3197 θείαν
548 3135 655 3215 τέχνην,
673 3133 719 3193 dire
732 3156 859 3215 προφητι·

95 3218 174 3289 ’ibiibi
183 3227 238 3308 βίον
249 3228 295 3286 καὶ
302 3230 380 3307 ἱεροῖς
390 3227 420 3284 ἐκ
428 3225 528 3284 παίδων
538 3222 706 3300 ἀνακείμενος
715 3221 761 3280 καί
768 3219 798 3278 τδ
805 3224 861 3296 μεῖ-

95 3306 173 3385 (Mil
184 3316 337 3400 προσθήκην
349 3318 414 3390 ἡμῖν
429 3317 454 3381 ἐς
472 3312 506 3372 cir
523 3313 640 3390 μάλιστα
654 3310 738 3391 φίλος.
779 3307 862 3368 'ssot'

96 3394 170 3461 ῑέῑθτα
181 3402 211 3464 θν
226 3402 345 3476 ποιοίης,
358 3404 381 3461 εί
393 3400 549 3483 προαδέχοιά
558 3404 583 3459 τ’
598 3398 747 3470 ἀκωλύτως,
757 3397 862 3479 ἐπᾴδειν

59 3487 84 3524 ⁸
95 3482 144 3557 i’l
161 3494 202 3552 καὶ
227 3494 314 3559 άλλως
328 3494 419 3550 ἰᾶσθαι
437 3488 587 3569 βουλομένῳ
610 3487 710 3558 σαυτὴν
729 3486 863 3566 παρέχεις,

95 3568 143 3631 ὥθ’
158 3580 240 3649 άλλως
261 3571 327 3640 adca
350 3578 414 3661 πρὸς
437 3578 467 3638 τὸ
480 3579 566 3655 λόγιον
580 3577 653 3656 γένος
676 3575 863 3656 άπράσμικτος.

95 3647 202 3727 ’Μαι
217 3666 275 3746 μέν,
300 3665 422 3725 ἐπένευσε
437 3666 459 3724 δ’
475 3656 518 3724 silv
533 3670 550 3737 ἡ
567 3664 727 3745 Χαρίκλεια,
745 3664 864 3743 καθάπερ

93 3739 181 3828 ἆθρίννς
202 3757 252 3828 τὴν
271 3755 317 3814 ἐπ’
339 3757 403 3833 ἐμοῦ
426 3753 577 3831 συμβουλὴν
594 3752 767 3833 προσιεμένη.
810 3751 865 3810 Καὶ

92 3830 146 3896 '⁶¹⁸
159 3845 203 3922 μέν
222 3845 268 3906 ἐπὶ
286 3844 386 3912 τούτοις
398 3845 603 3920 ἀπηλλάγημεν,
618 3839 817 3919 ὑπομνήσαντος
832 3862 865 3913 με

52 3926 79 3961 ²
89 3924 134 3980 τῶ
148 3932 307 4015 Χαρικλέους
319 3932 366 3991 καί
380 3924 416 3992 ὧν
432 3931 556 4012 πρότερον
578 3930 757 4010 παρεκάλεσεν
774 3932 865 4004 ἐπιμε-

25 4024 30 4035 ’
88 4000 194 4091 λἥνιιι
207 4023 253 4082 καί
263 4022 417 4103 φροντίζειν,
428 4021 452 4079 εί
466 4044 503 4099 πῃ
518 4024 552 4100 τῆ
570 4018 718 4099 Χαρικλείᾳ
740 4017 866 4093 δυναίμην

86 4088 170 4173 ‘We
181 4135 238 4171 τινα
252 4111 344 4189 γάμων
359 4111 405 4169 καὶ
426 4110 526 4189 ἀνδρῶν
544 4111 694 4185 ἐμποιῆσαι.
736 4105 867 4182 Ἀπέπεμ-

84 4194 135 4244 *W
146 4190 189 4257 νῦν
202 4197 325 4276 εὔθυμον,
350 4200 397 4256 οῦκ
416 4199 451 4264 είς
471 4196 574 4277 μακρὰν
590 4194 780 4268 ἀνυσθήσεσθαι
797 4198 867 4273 αὐτῷ

10 4334 12 4341 .
84 4265 133 4341 ι’θ’
147 4286 267 4361 βαύλησιν
282 4287 505 4367 ἐπαγγειλάμενος

395 4709 557 4732 --ιιιειεον-
637 4716 642 4725 1

242 4752 250 4761 .

901 1492 973 1541 veiim
986 1495 1010 1542 te
1028 1492 1059 1542 de
1077 1493 1203 1543 menerba
1222 1495 1303 1558 aliqua
1319 1496 1397 1545 lacere
1413 1497 1478 1559 apud
1497 1499 1601 1560 pueliam
1614 1503 1638 1549 et
1652 1514 1691 1551 me

901 1593 1097 1644 commendatum
1112 1594 1145 1643 iiii
1157 1594 1276 1645 notiorem
1287 1595 1392 1658 allicere,
1405 1600 1434 1647 ut
1444 1599 1504 1647 mibi
1515 1600 1608 1650 reddita
1621 1601 1690 1653 tami·

901 1697 990 1758 liarior,
1003 1697 1162 1748 confidentius
1180 1712 1277 1762 quoque
1295 1704 1420 1751 sanantem
1435 1703 1557 1753 admittat.
1590 1706 1627 1755 sit
1640 1696 1697 1769 itu,¹

903 1799 995 1861 inquit,
1007 1802 1032 1850 et
1043 1800 1166 1850 εθεοιιιιιε.

932 1911 998 1960 lilii.
1016 1911 1147 1973 Postquam
1167 1912 1249 1961 autem
1262 1912 1373 1962 venimus
1385 1913 1415 1962 ad
1435 1915 1598 1978 ctraricleam‚
1615 1919 1692 1968 muita

902 2005 1000 2067 quidem
1014 2006 1073 2069 qnid
1085 2009 1173 2057 attinet
1183 2007 1277 2058 diceret
1290 2009 1459 2060 succubuerat
1468 2012 1532 2060 eninr
1543 2026 1642 2074 prorsus
1654 2015 1691 2063 at-

903 2099 975 2149 tectui
989 2103 1014 2150 et
1025 2114 1056 2151 εκ
1066 2101 1134 2164 genis
1150 2100 1195 2151 iios
1204 2102 1254 2164 jam
1266 2102 1359 2165 ingerat
1370 2107 1395 2154 et
1409 2104 1481 2154 ardor
1495 2105 1578 2155 uultus
1591 2107 1694 2158 lacrimis

903 2198 1019 2258 tanquam
1029 2210 1093 2259 aqua
1104 2196 1234 2247 restinctus
1242 2210 1294 2248 esse
1309 2198 1438 2249 ridebatur
1451 2215 1457 2249 :
1471 2204 1552 2251 tamen
1564 2216 1615 2252 sese
1626 2217 1693 2254 com·

904 2291 1009 2354 ponebat
1025 2305 1082 2341 cum
1101 2305 1146 2342 nos
1166 2292 1264 2343 vidisset
1279 2296 1304 2343 el
1324 2297 1467 2345 consuetum
1480 2298 1562 2347 vuitus
1584 2299 1694 2349 babilam

904 2387 1016 2438 omnibus
1036 2389 1114 2438 modis
1136 2402 1249 2440 revocare
1270 2391 1412 2442 conabatur.
1446 2395 1592 2457 complexus
1613 2399 1694 2447 autem

904 2497 956 2533 eam
969 2485 1090 2534 cirariclca
1101 2487 1126 2534 ei
1135 2485 1240 2536 muitum
1251 2485 1413 2537 dissuariatus
1422 2490 1447 2537 ei
1457 2488 1516 2538 niirii
1524 2490 1693 2542 blanditiarum

904 2584 1030 2647 omittens,
1045 2589 1066 2635 0
1083 2585 1171 2646 liliola,
1184 2600 1200 2636 o
1214 2589 1284 2648 nata,
1299 2587 1408 2649 dicebat,
1422 2603 1492 2639 mene
1509 2594 1602 2653 patrem
1617 2593 1694 2653 celas,

904 2698 935 2733 ex
946 2700 996 2748 quo
1009 2686 1118 2736 iabores?
1134 2691 1159 2736 et
1173 2701 1228 2737 cum
1248 2687 1363 2737 fascinata
1378 2690 1426 2750 sis,
1439 2693 1516 2749 taces,
1527 2692 1596 2754 quasi
1608 2692 1696 2753 injuria

905 2781 1013 2831 allecoris
1025 2787 1049 2832 et
1061 2796 1109 2832 non
1123 2783 1209 2833 abacta
1220 2782 1253 2833 sia
1267 2784 1299 2833 ab
1310 2785 1401 2848 oculis,
1413 2786 1455 2848 qui
1468 2791 1492 2836 te
1508 2788 1571 2838 maie
1582 2789 1697 2852 adspexe-

907 2878 979 2924 runt?
993 2876 1040 2925 sed
1050 2877 1114 2926 bono
1123 2876 1253 2926 sicanimo.
1287 2880 1422 2929 Oratusest
1431 2881 1495 2929 enim
1508 2895 1522 2929 a
1534 2895 1573 2931 me
1585 2883 1696 2931 calasiria

906 2970 945 3018 iric
961 2970 1068 3032 sapiens,
1082 2974 1109 3020 ut
1123 2970 1166 3020 tibi
1178 2971 1308 3021 sanationis
1319 2973 1424 3035 aliquam
1442 2975 1559 3024 rationem
1570 2976 1695 3027 inveniat:

906 3067 984 3129 potest
992 3068 1074 3116 autem
1084 3065 1108 3115 id
1122 3068 1350 3130 praestare,'arrceliit
1361 3070 1439 3128 enirn,
1449 3069 1468 3117 si
1479 3070 1607 3132 quisquam
1619 3072 1695 3133 alius,

880 3170 884 3285 γ
905 3165 930 3214 in
941 3167 993 3214 arte
1001 3164 1096 3225 divina,
1105 3167 1219 3227 tanquam
1231 3179 1317 3227 genere
1329 3165 1385 3214 vitae
1399 3165 1498 3221 antistes
1507 3169 1531 3215 et
1543 3167 1607 3228 quod
1616 3169 1695 3230 majus

906 3268 942 3314 est
958 3264 1027 3314 nobis
1035 3265 1060 3313 in
1072 3265 1155 3327 primis
1166 3266 1267 3316 amicus.
1301 3269 1382 3322 Quare
1393 3267 1479 3315 merito
1489 3267 1581 3328 leceris,
1590 3269 1609 3317 si
1626 3269 1694 3319 ilium

907 3365 1031 3415 admiseris
1045 3365 1135 3428 absque
1148 3365 1197 3414 uilo
1209 3365 1397 3428 impedimento,
1409 3366 1460 3416 sire
1475 3366 1636 3417 incantatione
1648 3371 1697 3429 ιιιί,

907 3468 958 3518 sire
966 3469 1012 3519 aiio
1022 3468 1095 3518 modo
1101 3480 1185 3518 sanare
1192 3468 1293 3530 volenti,
1303 3470 1328 3518 te
1339 3469 1415 3531 ipsam
1424 3468 1534 3531 tradens,
1544 3483 1600 3519 cum
1608 3471 1699 3533 alioqui

908 3585 923 3621 a
936 3573 1072 3635 sapientum
1091 3572 1265 3622 cousuetudine
1279 3586 1329 3622 nou
1342 3573 1482 3623 abhorreas.
1517 3574 1622 3624 Tacebat
1643 3575 1698 3636 qui-

909 3673 979 3735 dem,
991 3674 1114 3724 annuebat
1123 3675 1206 3723 tamen
1218 3673 1358 3735 clrariciea,
1373 3677 1489 3737 tanquam
1504 3674 1605 3724 libenter
1623 3675 1699 3724 conai-

910 3776 970 3826 lium
985 3775 1015 3824 de
1027 3788 1067 3824 me
1078 3775 1163 3825 datum
1175 3776 1311 3825 admittens
1344 3777 1375 3824 Et
1389 3777 1462 3835 tunc,
1474 3775 1539 3823 bisce
1551 3775 1698 3837 constitutis,

911 3879 1077 3938 discessimus,
1088 3878 1218 3928 reducente
1229 3877 1289 3927 milri
1301 3878 1326 3926 in
1337 3877 1478 3926 memoriam
1496 3877 1617 3937 Chariclo,
1633 3881 1699 3928 ntea

911 3992 967 4040 quae
976 3991 991 4027 a
1001 3977 1157 4040 merpetiisaet
1168 3990 1278 4027 curarem
1288 3978 1313 4026 et
1322 3977 1460 4038 cogitarem,
1471 3977 1594 4038 quomodo
1603 3978 1628 4026 in
1638 3977 1700 4026 ctia-

912 4083 984 4132 riclea
996 4082 1152 4145 cupiditatem
1170 4082 1274 4144 aliquam
1288 4080 1392 4144 conjugii
1402 4083 1427 4131 et
1439 4082 1547 4131 virorum
1561 4082 1697 4132 excitarem.

913 4182 1066 4232 Deducebam
1077 4183 1149 4244 igitur
1165 4182 1264 4241 laetum,
1276 4195 1333 4231 cum
1346 4181 1409 4231 illitu
1425 4182 1543 4232 voluntati
1555 4183 1620 4233 brevi
1632 4183 1700 4232 salis·

888 4312 891 4329 .
915 4284 1006 4333 iactum
1018 4284 1046 4332 iri
1060 4284 1229 4345 promisissem.

1234 4686 1640 4711 ψ,
