3726 5692
273 373 330 424 ⁶02
771 358 1124 421 PllAEl'ATlUNGULA.

275 492 481 564 adhibetur.
510 490 650 563 Medico
677 491 753 587 jam
775 493 810 563 ei
836 492 916 589 qui,
949 492 1071 562 multis
1103 507 1185 562 ante
1215 492 1395 563 Andream
1424 493 1609 564 Vesaliurn

272 617 395 705 annis,
417 616 572 713 sopitam
595 615 706 687 modo
722 670 732 705 ,
750 639 824 686 non
843 616 1059 704 extinctam,
1080 618 1117 688 in
1135 616 1316 714 Apollonii
1334 640 1445 686 uxore
1460 617 1609 688 suscitat

272 766 314 812 ac
337 740 474 812 refovet
492 740 626 829 vitam,
651 764 785 811 nomen
811 753 865 811 est
890 741 1101 831 Ceramoni,
1118 754 1208 839 puta
1232 740 1359 811 mortis
1373 739 1608 830 debellatori,

272 889 357 936 cnm
376 864 428 935 nil
449 863 548 935 alind
567 887 636 934 vox
658 888 700 935 ea
718 863 906 960 significet,
933 863 1043 936 ducta
1067 890 1090 935 a
1115 889 1228 960 graeca
1248 868 1473 961 Κηραμύντης,
1497 863 1534 935 id
1556 880 1611 937 est

272 997 288 1057 d
313 992 492 1084 ἀποτρέπων
504 985 671 1082 συμφορὰν,
682 990 814 1084 ὄλεθρον,
828 989 972 1075 θάνατον,
984 995 999 1057 ὁ
1012 988 1204 1072 ἀλεξίκακος.
1224 992 1295 1058 Rex
1312 986 1403 1059 adeo
1415 988 1608 1084 Mitylenae,

273 1114 336 1209 qui
361 1113 397 1184 in
424 1111 503 1182 loro
525 1111 590 1182 ubi
609 1111 766 1183 Tarsiam
780 1111 905 1209 piratae
917 1111 985 1183 sub
1003 1137 1139 1183 corona
1155 1111 1319 1182 venalem
1346 1128 1607 1210 exposuerant,

273 1237 435 1309 Lenonio
445 1237 568 1308 lenoni
579 1236 802 1326 adversatur,
812 1236 901 1307 dum
912 1238 1076 1308 certatim
1084 1236 1277 1308 etauctiori
1285 1261 1400 1332 usque
1410 1237 1528 1335 pretio
1537 1239 1611 1309 vir-

183 1405 184 1409 =
274 1362 393 1456 ginem
417 1375 569 1457 uterque
582 1359 661 1430 vult
671 1373 830 1457 emptam
846 1359 933 1449 sibi,
948 1361 1047 1455 justo
1071 1375 1107 1432 et
1123 1385 1189 1431 suo
1206 1384 1290 1431 vere
1319 1360 1468 1431 nomine
1491 1359 1610 1433 dictus

275 1498 328 1555 est
344 1484 600 1580 Antinagoras,
615 1508 680 1555 seu
700 1484 763 1581 qui
784 1483 949 1555 certatim
966 1499 1002 1554 et
1018 1482 1115 1552 unde
1128 1482 1250 1553 doleat
1272 1482 1388 1569 alteri,
1406 1482 1543 1579 aliquid
1570 1485 1609 1554 in

276 1608 355 1680 loro
369 1609 475 1698 emit,
502 1623 544 1680 ut
565 1620 715 1679 monent
735 1606 873 1678 radices
888 1610 1005 1704 ἀγοράω
1026 1622 1062 1678 et
1081 1609 1249 1678 elvricum
1266 1606 1452 1704 epenthesi
1477 1607 1608 1679 videli-

274 1749 331 1805 cet
346 1745 435 1804 τοῦΝ
445 1739 672 1830 ἐφελκυστικοῦ.
686 1731 1002 1820 Quemadmodum
1018 1747 1140 1802 autem
1163 1731 1366 1828 puellarum
1386 1747 1508 1802 custos
1527 1732 1610 1816 ille,

274 1859 311 1928 in
334 1858 449 1929 lustro
470 1857 715 1953 Mitylenensi,
746 1857 883 1927 ironice
904 1870 940 1926 et
961 1881 1028 1955 per
1054 1854 1291 1954 antiphrasim
1313 1855 1446 1927 dicitur
1469 1857 1612 1927 Amian-

274 1995 349 2070 tus,
375 1996 549 2077 tanquam
569 1979 782 2078 corruptelae
803 1981 966 2069 nescius,
991 1979 1037 2050 ab
1052 2009 1071 2047 α
1086 1980 1180 2077 priv.
1200 1993 1308 2076 atque
1331 1983 1466 2074 μιαίνω,
1483 1980 1535 2051 sic
1555 1994 1610 2051 te-

276 2105 462 2175 terrimum
482 2102 577 2175 istud
591 2102 784 2173 hominum
794 2128 873 2201 par,
891 2105 950 2174 cui
964 2104 1083 2173 Tarsia
1098 2118 1174 2174 erat
1190 2127 1211 2172 a
1228 2117 1377 2200 parente
1392 2104 1610 2194 commissa,

275 2240 401 2323 aptum
427 2226 590 2324 apprime
611 2241 648 2296 et
671 2227 835 2298 moribus
854 2228 927 2297 suis
949 2251 1153 2296 consonum
1178 2249 1311 2296 nomen
1335 2226 1491 2315 obtinet,
1524 2251 1610 2298 cum

97 2424 104 2436 .
158 2342 162 2347 ¹
275 2348 329 2418 vir
360 2347 469 2436 hine,
495 2350 720 2443 Strongulio,
749 2374 859 2445 graece
881 2355 1104 2447 Στρογγυλίας,
1121 2379 1167 2438 ου,
1196 2349 1349 2445 ἅνθρωπος
1377 2345 1610 2446 κοντόχονδρος,

275 2475 532 2568 ὀλοστρόγγυλος,
557 2472 657 2542 illinc
674 2473 817 2561 mulier,
842 2473 1051 2568 Dionysias,
1080 2497 1145 2542 seu
1164 2473 1310 2562 vinosa,
1336 2473 1529 2544 vocitetur.

323 2595 418 2665 Alias
438 2594 498 2666 hic
516 2598 688 2690 attingere
716 2595 933 2693 supersedeo
953 2596 1181 2667 dominantes
1210 2597 1319 2667 etiarn
1344 2597 1418 2667 sive
1437 2599 1556 2693 κυρίους
1572 2612 1608 2668 et

274 2717 401 2789 eadem
425 2743 445 2790 e
470 2743 582 2814 graeca
598 2744 696 2818 penu
724 2710 958 2818 depromptis
974 2720 1250 2818 appellationes,
1276 2720 1401 2816 quales
1431 2735 1515 2791 sunt
1538 2724 1609 2791 An-

274 2841 446 2932 dronius,
474 2842 691 2933 Antiochus,
708 2843 948 2916 Archistratus
961 2858 997 2915 et
1012 2843 1238 2914 Archistratis
1254 2868 1358 2932 uxor,
1377 2843 1609 2932 Hellanicus,

275 2966 439 3062 Lycoris,
458 2965 701 3038 Philothemia
715 3021 724 3056 ,
740 2968 873 3057 Tarsia,
899 2966 1134 3038 Thaliarchus
1153 2982 1190 3037 et
1213 2967 1446 3065 Theophilus.
1465 2971 1565 3054 Quas
1581 2969 1610 3038 si

273 3090 355 3185 quis
366 3091 675 3188 pronunciaverit,
688 3089 798 3186 hujus
811 3091 931 3162 statim
945 3092 1052 3161 etiam
1067 3090 1165 3161 aliud
1183 3092 1319 3186 agentis
1334 3116 1409 3161 sese
1424 3092 1537 3161 menti
1554 3091 1609 3161 ol·

274 3213 390 3283 ferent
406 3208 587 3309 Ᾰνδρώνιος,
606 3215 764 3310 Ᾰντίοχος,
782 3212 1004 3310 Ᾰρχίστρατος,
1017 3227 1052 3283 et
1067 3213 1280 3309 Ᾰρχίστρατις,
1296 3213 1383 3291 lette
1387 3243 1467 3294 νικος
1484 3213 1611 3286 dorice

266 3339 459 3422 Ἑλλάνικος,
471 3342 623 3432 Λύιωρις,
636 3342 810 3432 Φιλόθεμις,
827 3342 964 3433 Tarpeia,
983 3341 1158 3432 Θαλίαρχος
1175 3353 1210 3408 et
1224 3342 1382 3433 Θεόφιλος.

914 3604 958 3670 ll.

323 3826 525 3896 Christiano
557 3839 677 3895 autern
708 3827 807 3913 viro,
839 3840 1012 3922 tauquam
1043 3828 1200 3916 auctori,
1236 3825 1491 3923 imputandum
1531 3851 1612 3898 esse

274 3948 454 4045 Apollonii
466 3952 550 4037 MS,
564 3947 781 4037 sabulamve,
796 3963 926 4045 quarto
942 3964 977 4020 et
992 3949 1287 4037 decimosaecu10‚
1301 3976 1320 4020 e
1340 3974 1453 4044 graeco
1464 3973 1612 4022 versam

273 4077 308 4146 in
325 4076 479 4147 latinum
499 4100 716 4163 sermonem,
736 4076 819 4146 satis
840 4100 1019 4172 superque
1040 4089 1226 4161 testantur,
1245 4089 1372 4171 praeter
1390 4073 1570 4168 Angelum
1591 4099 1614 4146 a

273 4225 347 4296 quo
371 4201 564 4271 nunciatur
588 4198 787 4270 Antiochus
808 4199 881 4271 sato
905 4202 1069 4285 functus,
1098 4214 1315 4295 nuncupatae
1339 4199 1398 4269 hic
1423 4197 1612 4289 Domin0,

274 4326 364 4396 Vivo
382 4330 457 4395 Deo
477 4324 571 4414 illic,
600 4323 795 4420 utrobique
818 4323 952 4394 scilicet
979 4328 1011 4393 J.
1030 4326 1066 4392 C.
1093 4327 1136 4391 D.
1166 4327 1221 4411 N,
1250 4323 1446 4418 adjurantis
1476 4323 1615 4393 Tarsiae

272 4475 409 4547 preces.

322 4580 426 4645 Hunc
436 4599 547 4671 porro
557 4573 800 4644 Christianum
810 4570 1369 4669 scriptorem,Korvodrdrevegisse
1379 4582 1530 4667 paretes
1542 4569 1615 4644 illa

273 4699 551 4769 celebratissima
568 4696 766 4786 salutandi,
787 4695 1014 4785 Reverende,
1035 4698 1081 4767 Mi
1100 4695 1419 4781 Reverendissime,
1445 4692 1614 4768 formula

273 4830 382 4917 qnam
397 4825 531 4920 passim
545 4837 666 4892 noster
680 4822 859 4917 interjecit
872 4821 1060 4917 interpres.

323 4945 490 5041 Ejusdem
502 4947 670 5033 latinitas3
688 4970 798 5041 quam
813 4968 899 5016 cave
916 4966 961 5013 ne
972 4968 1039 5040 pro
1056 4944 1197 5014 novicia
1206 4967 1338 5030 sumaS,
1357 4941 1421 5012 tibi
1431 4941 1613 5038 quintum
