3726 5692
821 329 934 387 Lissijii
960 330 1027 388 VH.

105 466 256 541 ἀνῃρῆσθαι
268 461 353 518 δοκῶν
369 459 416 528 τὴν
435 467 567 535 γυναῖκα,
581 463 626 528 ζῆν
646 458 732 517 οὐκέτι
748 458 832 530 θέλει,
854 461 899 517 καλ

105 554 152 610 διὰ
163 556 241 609 τοῦτο
258 552 353 606 ἑαυτοῦ
371 547 446 627 μόνον
469 546 660 626 κατεψεύσατο.
704 544 769 607 Ὅτι
785 545 831 623 μὲν
850 548 900 624 γὰρ

106 642 232 715 ἐπιθυμεῖ
247 635 375 711 θανάτου,
393 636 437 692 καὶ
460 635 536 702 αὐτὸς
551 635 722 713 ὡμολόγησε,
738 634 782 692 καὶ
796 636 837 693 δτι
857 636 900 692 διὰ

105 728 200 798 λύπην
211 725 257 797 τὴν
272 725 316 783 ἐπὶ
327 724 438 801 γυναικί.
482 727 611 784 Σκοπεῖτε
625 727 647 781 δ’
661 724 733 790 εἴτις
746 724 901 789 ἀποκτείνας

78 833 92 869 ε
108 817 176 874 τινὰ
190 816 301 889 ἀληθῶς,
313 813 489 870 ἐπαποθανεῖν
504 814 575 892 αὐτῷ
589 813 657 869 θέλει
677 812 722 869 καὶ
737 815 782 884 ζῆν
797 814 828 870 δι’
844 813 903 871 ὀδύ-

115 928 168 973 νην
184 906 213 962 ’ὠ
230 901 306 982 μέρει.
349 900 397 967 Τίς
409 900 477 959 οὕτω
497 900 665 981 φιλόστοργος
680 901 782 980 φονεύς
797 901 814 972 θ,
830 911 902 959 ποῖον
926 912 929 981 γ

113 991 196 1069 μῖσός
209 992 275 1048 ἀστιν
287 986 357 1046 οὕτω
373 987 528 1069 φιλούμενον
534 1014 543 1061 3
555 987 621 1060 Μὴ,
638 989 701 1065 πρὸς
716 993 789 1060 θεῶν,
807 988 844 1064 μὴ
859 1013 904 1045 m-
927 988 929 993 ’

114 1078 257 1155 στεύσητε,
276 1076 338 1154 μηδ’
353 1076 525 1148 ἀποκτείνητε
546 1077 681 1155 ἄνθρωπον
707 1079 780 1135 ἐλέου
805 1079 903 1152 μᾶλλον

113 1168 134 1238 ἢ
151 1166 276 1247 τιμωρίας
289 1164 424 1242 δεόμενον.
473 1167 504 1224 Εἰ
519 1164 541 1222 δ’
558 1164 634 1231 αὐτὸς
653 1164 854 1239 ἐπεόούλευσεν,
871 1170 905 1231 ὡς

69 1274 96 1308 ¹⁰
112 1256 201 1335 λέγει,
221 1255 266 1312 τὸν
287 1253 374 1333 μόνον,
397 1253 497 1311 εἰπάτω
518 1252 557 1318 τίς
577 1255 674 1312 ἐστινὸ
696 1252 904 1330 μεμισθοιμένος,
927 1288 930 1305 .

107 1343 223 1412 δειξάτω
242 1340 292 1414 τὴν
316 1339 495 1421 ἀνῃρημένην.
539 1342 571 1400 Ei
590 1340 618 1398 δὲ
637 1340 728 1416 μήθό
750 1341 904 1404 ἀποκτείνας

105 1433 185 1509 ἐστὶ,
200 1431 296 1508 μήθ’ίγ
313 1430 481 1508 ἀνῃρημένη,
495 1429 532 1495 τίς
549 1428 648 1500 ἤκουσε
662 1428 768 1487 πώποτε
790 1435 904 1488 τοιοῦτον

104 1522 205 1603 μόνονς
221 1518 330 1599 Ἥρων,
346 1518 422 1599 ρησὶ,
438 1517 585 1589 Μελίττης·
600 1518 643 1575 td
657 1523 733 1576 τοῦτο
748 1519 904 1588 Λευκίππην
927 1568 930 1603 ,

106 1612 269 1670 ἀπέκτεινα.
317 1610 379 1672 Πῶς
392 1600 436 1664 οὖν
453 1607 584 1678 Μελίττης
602 1606 680 1688 μόνον
695 1630 853 1686 κατηγορει,
873 1598 904 1677 ἧς
927 1612 930 1653 i

64 1716 90 1752 ts
105 1700 174 1779 ἦρα,
188 1696 233 1757 td
247 1696 406 1768 Λευκίππην
421 1694 444 1753 δ’
461 1698 600 1753 ἀποθανεῖν
621 1693 703 1753 ἐθέλει
717 1701 771 1766 νῦν,
786 1697 818 1767 ἣν
841 1695 904 1753 άπέ·

106 1810 229 1857 κτεινενς
245 1785 326 1846 Οὗτοι
340 1784 392 1865 γάρ
408 1784 439 1843 ἄν
461 1808 501 1851 τις
519 1784 564 1841 καὶ
579 1783 669 1861 μεσοίη
691 1782 720 1842 τό
742 1784 904 1864 φιλούμενον,

105 1876 159 1935 καὶ
169 1876 259 1957 φιλοίη
274 1875 305 1933 τὸ
320 1873 476 1950 μισούμενον
486 1899 493 1944 ;
504 1863 563 1952 'hp’
579 1863 622 1930 οόν
634 1875 663 1930 οὔ
678 1872 744 1930 πολὺ
758 1875 858 1948 μᾶλλον
874 1874 905 1929 ἂν

105 1966 158 2023 καὶ
179 1963 354 2042 ἐλεγχόμενος
370 1962 504 2043 ἠρνήσατο
522 1963 566 2020 τὸν
589 1962 676 2041 μόνον,
699 1959 741 2018 ἵνα
766 1961 811 2019 καὶ
832 1961 904 2040 σώσῃ

104 2052 161 2123 τὴν
180 2050 326 2133 ἀρωμένην,
347 2052 392 2109 καὶ
412 2051 476 2129 θπίρ
499 2056 544 2121 τῆς
566 2049 735 2130 ἀνῃρημένης
757 2050 793 2125 pi,
819 2050 905 2125 μάτην

60 2158 93 2196 ιι
106 2141 250 2219 ἀποθάνῃς
266 2138 319 2200 Διά
333 2140 358 2197 τί
370 2130 414 2199 οὖν
427 2138 557 2209 Μελίττης
575 2139 769 2218 κατηγόρησεν,
784 2141 806 2196 εἰ
821 2140 903 2214 μηδὲν

107 2230 182 2306 σιἐτῇ
198 2233 303 2287 τοιοῦτο
317 2227 488 2303 πέπρακται;
504 2226 578 2305 Ἐγὼ
596 2227 642 2284 καὶ
660 2232 736 2285 τοῦτο
751 2226 814 2306 πρὸς
838 2230 905 2302 ὑμᾶς

108 2318 181 2395 ε’ρῶ,
194 2314 240 2373 tsi
258 2313 324 2393 πρὸς
338 2316 389 2371 τῶν
404 2317 481 2389 θεῶν,
500 2315 538 2390 μέ,
552 2337 586 2389 με
607 2314 733 2389 νομίσητε
754 2314 905 2373 διαθάλλειν

108 2406 224 2463 θέλοντα
244 2406 293 2472 τὴν
313 2410 425 2479 γυναῖκα
442 2403 605 2474 ποιήσασθαι
626 2402 670 2460 τὸν
691 2403 777 2480 λόγον,
795 2404 853 2461 ἀλλ’
871 2408 905 2470 ὡς

106 2495 209 2552 τδπᾶν
225 2490 339 2568 έγένετο.
383 2489 502 2562 Μελίττη
516 2489 564 2565 μὲν
576 2489 713 2550 ἐπεπόνθει
728 2515 752 2547 τι
771 2491 834 2571 πρὸς
845 2498 903 2550 τοῦ·
928 2530 930 2571 Ι

62 2596 94 2633 ²⁵
107 2604 157 2641 τον
175 2580 299 2657 ἐρωτικόν
322 2577 368 2637 καί
390 2578 517 2658 περὶτοῦ
538 2578 625 2659 γάμου
647 2580 789 2647 διείλεκτο,
813 2580 905 2658 πρίνό

107 2669 250 2736 θαλάττιος
264 2659 337 2735 οὗτος
352 2667 450 2726 ἀνεόίω
470 2670 569 2748 νεκρός.
613 2668 647 2729 Ὁ
671 2671 694 2727 δ’
709 2671 755 2727 οὐκ
777 2659 847 2748 εἶχεν
860 2670 903 2728 ού-

107 2782 165 2825 nse
176 2802 186 2829 ,
198 2755 268 2816 ἀλλά
280 2758 327 2815 καί
340 2755 411 2813 πάνυ
423 2757 568 2837 ἐρρωμένος
579 2756 622 2814 τὸν
632 2757 718 2834 γάμον
731 2758 902 2837 ἀπεκρούετο,

109 2848 165 2907 κᾶν
176 2843 262 2925 τούτῳ
272 2844 321 2916 τὴν
332 2843 466 2924 ἐρωμένην
482 2841 572 2922 εὑρὼν,
587 2847 622 2909 ὡς
634 2843 692 2924 ἔφη,
707 2844 780 2924 παρὰ
794 2848 829 2926 τῷ
845 2849 906 2905 Σω-

113 2933 203 2995 σθένει
217 2936 316 3006 ζῶσαν,
333 2932 365 3004 ἣν
381 2932 449 3014 ᾤετο
458 2930 564 3012 νεκρδν,
580 2931 647 2989 πολὺ
659 2933 761 3006 μᾶλλον
772 2933 837 3012 πρὸς
857 2935 904 3005 τὴν

67 3023 252 3094 *nstin-p
273 3012 343 3101 εἶχεν
366 3018 581 3101 ἀλλοτριώτερον.
625 3017 659 3078 ‘ti
681 3017 707 3076 δὲ
730 3020 790 3097 πρὶν
813 3025 904 3095 μαθεῖν

111 3111 248 3193 ἀραμένην
260 3100 342 3168 οὖσαν
357 3107 488 3189 αὐτῷτὴν
504 3106 578 3188 παρδι
591 3109 629 3165 τῶ
647 3106 793 3180 Σωσθένει,
807 3108 905 3182 ταύτην

111 3197 213 3269 ἠλέησέ
223 3220 253 3255 τε
264 3197 311 3255 καὶ
325 3196 402 3255 ὲλυσε
416 3200 469 3255 τῶν
482 3197 596 3272 δεσμῶν,
608 3166 646 3261 όίς
669 3188 701 3267 ἦν
717 3196 767 3253 ὑπὸ
779 3202 824 3254 τοῦ
845 3200 904 3257 Σιο·

111 3288 220 3352 σθένους
231 3287 369 3360 δεδεμένη,
385 3284 431 3344 καί
450 3287 487 3352 είς
500 3283 548 3356 τὴν
562 3286 646 3342 οἰκίαν
658 3287 682 3341 τ’
695 3284 840 3353 εἰσεδέξατο
860 3288 905 3344 καὶ

110 3375 201 3434 τᾶλλα
217 3376 254 3439 ὥς
276 3373 342 3453 πρὸς
366 3372 503 3453 ἀλευθέραν
525 3373 729 3452 δυστυχήσασαν
754 3375 905 3453 ε’ριλοτιμή-

71 3480 192 3523 ὅσατο.
234 3462 348 3532 Ἐπειδὴ
367 3462 389 3519 δ’
403 3461 509 3537 ἔμαθεν,
528 3460 646 3541 ἔπεμψεν
672 3464 707 3526 εἰς
730 3460 788 3527 τοθς
810 3464 905 3542 ἀγροὺς

111 3549 342 3629 διακονησομένην
363 3553 444 3630 αὐτῇ·
458 3552 502 3608 καὶ
524 3550 592 3626 μετδι
613 3550 697 3609 τοῦτοί
717 3573 795 3631 ροισιν
817 3554 904 3631 deasq

111 3639 259 3720 γεγονέναι,
303 3638 358 3699 Καὶ
377 3638 416 3697 ὅτι
434 3638 508 3697 ταῦτ’
524 3641 553 3697 οὐ
575 3640 722 3718 ψεύδομαι,
745 3645 762 3711 ἡ
785 3641 903 3712 Mettus,

112 3726 325 3807 συνομολογήσει
346 3726 393 3786 καί
415 3727 571 3807 θεράπαιναι
600 3727 661 3802 δύο,
687 3727 742 3804 μεθ’
766 3719 801 3786 ὧν
824 3730 905 3798 αὐτὴν

114 3819 161 3877 ἀπὶ
177 3816 237 3884 τοὺς
257 3814 353 3895 ἀγρούς
374 3813 529 3897 ἐξέπεμψεν.
571 3813 623 3874 Ἓν
636 3810 684 3888 μίν
705 3815 736 3882 δὴ
754 3821 830 3872 τοῦτο
842 3818 906 3894 πρὸς

69 3910 241 3973 mintium
256 3906 343 3984 ἤγαγε
363 3910 463 3978 τοῦτον,
488 3903 525 3979 μὴ
543 3904 597 3984 ἀρα
619 3902 768 3986 ρονεύσασα
792 3903 832 3972 είη
857 3906 905 3977 τὴν

113 3996 276 4068 Λευκίππην
295 3993 339 4054 διὰ
358 3993 519 4066 ζηλοτυπίαν
534 3993 616 4063 αὕτη·
638 3995 724 4073 ἕτερον
739 3992 767 4050 δέ
788 4016 812 4049 τι
834 3994 905 4070 αὐτῷ

113 4084 183 4167 πρὸς
200 4084 248 4156 τὴν
268 4086 316 4153 τῆς
335 4082 457 4148 ὑπονοίας
477 4080 618 4160 βεόαίιοσιν
640 4083 718 4160 ἐντῷ
733 4080 906 4159 δεσμωτηρίῳ

114 4170 224 4251 ευμὸἀν
238 4171 284 4231 καὶ
308 4173 368 4230 καθ’
382 4173 461 4227 αὑτοῦ
481 4169 526 4227 καί
538 4166 607 4227 κατά
627 4172 673 4239 τῆς
687 4168 819 4240 Μελίττης
840 4167 905 4238 ἐξή-

114 4262 218 4343 γρέανε.
263 4263 328 4321 Τῶν
353 4258 493 4335 δεσμωτῶν
516 4280 554 4322 τις
573 4254 724 4334 ὀδυρόμενος
747 4259 839 4314 ἑαυτοῦ
858 4254 905 4326 τὴν

70 4374 101 4413 ευ
114 4350 274 4431 συμφορὰν,
298 4348 386 4426 ἐλεγεν
411 4350 438 4407 έν
459 4347 512 4427 ὁδῷ
532 4368 583 4403 τινι
608 4343 823 4416 κεκοινωνηκέναι
848 4343 906 4401 κατ’

114 4438 226 4515 ἀγνοιαν
245 4436 321 4516 ἀνδρὶ
341 4444 427 4516 φονεῖ·
452 4433 605 4512 δεδρακέναι
627 4434 650 4491 δ’
671 4435 767 4490 ἐκεῖνον
787 4433 907 4508 γυναικὸς

214 4526 258 4585 έπὶ
273 4528 375 4605 μισθῷ·
389 4524 434 4583 καὶ
454 4522 570 4599 τοῦνομα
591 4521 680 4597 ἔλεγε
702 4520 837 4591 Μελίττην
859 4522 906 4596 μὲν

114 4550 252 4687 εἴτην
266 4610 481 4691 μισθωσαμένην,
494 4610 650 4679 Λευκίππην
668 4607 695 4666 δὲ
707 4607 754 4679 την
773 4610 907 4689 ἀνῃρημέ-

114 4730 177 4779 νην.
221 4704 255 4763 iii
269 4703 298 4761 δὲ
310 4708 393 4762 ταῦτα
404 4699 509 4779 γέγονεν
530 4698 623 4771 οὕτως,
635 4695 687 4774 ἐγὼ
700 4696 747 4770 μὲν
763 4699 810 4756 οὐκ
830 4688 905 4772 οἶδα,

71 4816 104 4855 ε·
115 4792 213 4871 μαθεῖν
225 4792 248 4850 θ’
261 4794 323 4868 ὑμῖν
339 4789 450 4858 ἐξέσται.
493 4786 593 4866 Ἔχετε
611 4786 655 4845 τὸν
672 4785 820 4862 δεδεμένου·
843 4787 907 4845 εἰσὶν

115 4885 144 4941 σί
157 4880 335 4960 θεράπαιναι·
351 4878 419 4936 ἔστιν
436 4874 610 4945 ὁΣωσθένης.
652 4873 686 4934 Ὁ
702 4874 749 4951 μὲν
765 4876 833 4955 ἐρεῖ,
855 4875 906 4932 πό·

114 4976 159 5029 ὗν
177 4970 243 5049 ἔσχε
255 4966 303 5039 τὴν
322 4965 478 5037 Λευκίππην
497 4963 606 5034 δούλην·
621 4965 648 5020 αί
664 4964 709 5032 δὲ,
724 4967 780 5028 πῶς
802 4962 906 5041 γέγονεν

115 5054 234 5137 ἀφανές·
247 5060 263 5114 θ
276 5056 304 5115 δέ
315 5053 376 5133 περὶ
388 5059 432 5113 τοῦ
448 5058 580 5129 μισθωτοῦ
601 5051 800 5132 καταγορεύσει.
841 5052 907 5129 ΙΙρίυ

114 5144 143 5205 δέ
167 5148 274 5223 μάθητε
293 5143 391 5202 τοιίτων
415 5140 524 5202 ἕκαστον
549 5138 603 5200 οὔθ’
622 5139 702 5212 ὅσιον,
724 5138 778 5198 οὔτ’
803 5138 907 5207 εὖσεόὲς

1678 355 1737 407 109

949 472 971 517 is
985 470 1056 529 igitur
1070 471 1173 530 puellam
1185 471 1313 522 decessisse
1326 479 1401 534 ratus,
1414 477 1495 527 rivere
1505 483 1608 543 arripiius
1622 485 1681 532 veiie
1694 501 1736 535 ne·

949 550 989 607 gat
1001 562 1006 593 ι
1020 561 1094 608 seque
1106 548 1194 598 idcirco
1208 551 1281 599 taedis
1294 565 1361 601 reum
1378 556 1516 605 errroniitur.
1551 560 1599 608 Sibi
1616 565 1696 611 auteur
1711 567 1735 613 in

948 627 1031 674 cniruo
1045 640 1095 677 esse
1107 641 1121 675 e
1134 630 1183 676 ritn
1195 631 1311 691 migrare,
1324 633 1425 693 ipsemet
1438 636 1514 686 iussus
1529 643 1565 687 esi
1579 659 1585 687 ι
1602 654 1631 688 ac
1644 645 1738 704 potissi·

950 726 1016 759 nrurn
1024 712 1056 760 oh
1066 726 1195 762 rumorem
1205 729 1234 762 ex
1249 716 1354 766 mulieris
1364 718 1491 767 arrrissionc
1501 725 1654 783 conceptum.
1688 725 1738 772 Vos

949 808 1006 843 sero
1018 796 1090 843 etiarn
1106 800 1179 859 atque
1191 799 1264 846 etiam
1274 803 1393 861 cogitate,
1407 814 1465 850 uum
1478 805 1605 855 rorisirniie
1617 808 1686 857 robis
1699 809 1736 856 ri·

950 877 1045 936 dentur,
1053 893 1123 940 eum,
1135 882 1176 942 qni
1187 895 1242 931 vere
1251 884 1326 930 uiinrn
1336 884 1492 945 interfecerit,
1502 889 1598 950 insuper
1607 891 1667 938 mori
1679 891 1742 940 reite

950 968 973 1011 et
986 964 1017 1011 ob
1032 978 1160 1014 mmrorcrn
1175 966 1255 1016 rivere
1267 981 1314 1016 non
1326 970 1461 1020 sustinere?
1472 974 1532 1028 Quis
1547 976 1679 1036 reperiatur
1689 979 1739 1024 tarn

950 1060 1033 1096 amaus
1043 1048 1179 1098 homicida?
1190 1050 1317 1107 Quodnam
1327 1052 1419 1113 odium,
1431 1068 1521 1117 quaeso,
1530 1060 1578 1105 turn
1591 1059 1659 1108 iaciie
1668 1059 1740 1122 depo·

950 1133 1039 1180 natur?
1054 1134 1089 1181 h'e
1099 1146 1141 1194 per
1149 1132 1215 1193 deos,
1225 1148 1256 1184 uo
1268 1136 1371 1185 credatis
1383 1157 1388 1185 :
1402 1151 1463 1186 nere
1474 1139 1594 1188 hominem
1609 1143 1741 1191 misericor-

951 1214 989 1261 dia
1003 1215 1091 1276 potius,
1103 1216 1300 1279 quamsuppiicio
1312 1218 1420 1280 dignum,
1434 1222 1546 1283 perdatis.
1581 1225 1650 1281 Quod
1661 1225 1689 1284 si,
1703 1228 1740 1277 uti

951 1301 1021 1362 dixit,
1033 1303 1105 1350 castis
1113 1305 1197 1351 auctor
1209 1304 1259 1366 ipse
1271 1305 1324 1363 tuit,
1335 1305 1467 1367 agitedum,
1481 1312 1654 1359 rriorcenarium
1666 1312 1740 1361 istum

951 1385 1097 1435 homicidam
1111 1386 1134 1435 in
1148 1387 1253 1437 medium
1266 1389 1382 1450 proterat,
1391 1391 1476 1439 occisae
1486 1392 1573 1452 pneiire
1584 1393 1687 1444 cadaver
1702 1396 1739 1444 in-

951 1471 1021 1521 dicet.
1056 1473 1098 1522 Sin
1109 1487 1166 1523 vero
1178 1488 1258 1537 neque
1266 1476 1415 1537 interfector,
1427 1491 1504 1540 neque
1514 1480 1658 1544 interempta
1667 1482 1739 1545 adsit,

952 1559 1006 1619 quis
1025 1563 1076 1619 est,
1091 1561 1251 1622 quiunquam
1264 1560 1357 1609 caedem
1376 1562 1448 1610 taioni
1467 1565 1554 1613 iactam
1569 1579 1620 1615 esse
1638 1568 1741 1619 audire·

951 1645 1000 1693 rit?
1016 1645 1146 1704 Amabam,
1160 1646 1249 1708 inquii,
1269 1647 1377 1707 Meliten,
1390 1648 1479 1696 idcirco
1492 1651 1627 1713 Leucippen
1645 1654 1739 1702 sustuli.

951 1735 982 1779 At
1001 1743 1045 1779 cur
1058 1731 1123 1792 ejus,
1144 1745 1218 1794 quam
1233 1735 1358 1796 tantopere
1377 1739 1457 1793 annai,
1477 1748 1565 1783 nornen
1583 1737 1679 1786 desert?
1693 1743 1741 1789 cur

951 1810 1091 1873 Leucippe,
1103 1824 1177 1873 quam
1189 1816 1268 1862 morte
1279 1815 1344 1863 aiiici
1356 1817 1491 1877 mandarit,
1502 1832 1575 1868 causa
1585 1824 1645 1869 mori
1658 1825 1741 1885 cupit?

951 1897 1033 1954 Quid?
1047 1911 1077 1946 an
1094 1900 1198 1961 putatis,
1209 1901 1314 1963 aliquem
1327 1903 1360 1951 ita
1371 1904 1416 1953 sibi
1427 1905 1470 1966 ipsi
1481 1919 1567 1968 parurn
1579 1911 1739 1970 constantem,

951 1984 979 2030 ut
991 1982 1057 2043 quod
1071 1986 1145 2043 amnt,
1162 1983 1240 2034 oderit
1253 2000 1260 2033 ε
1273 1988 1298 2035 ei
1309 1990 1393 2035 contra
1405 1989 1472 2050 qnod
1490 1989 1583 2051 oderit,
1603 1994 1685 2041 uniet?
1702 1998 1739 2042 An

951 2080 999 2116 non
1011 2067 1091 2130 potius
1109 2067 1256 2118 credendum
1275 2075 1329 2132 ost,
1349 2077 1471 2121 amantem
1486 2073 1623 2135 hominem,
1643 2079 1739 2127 tannetsi

953 2155 1105 2213 convictum,
1119 2154 1211 2204 crimen
1223 2158 1320 2216 tamen,
1332 2160 1359 2205 ut
1370 2157 1472 2205 amicam
1487 2163 1581 2219 servet,
1597 2164 1740 2221 pernegatu-

953 2252 1017 2299 rum,
1032 2253 1062 2287 ne
1075 2253 1119 2301 pro
1133 2241 1257 2289 interiecta
1268 2242 1318 2303 ipse
1329 2255 1427 2303 quoque
1441 2243 1528 2291 trustra
1540 2246 1616 2293 vitain
1630 2246 1741 2295 amiitat?

951 2321 998 2370 Sed
1010 2335 1083 2384 quarn
1094 2324 1125 2371 ob
1138 2336 1234 2372 causam
1245 2325 1342 2373 hiciiten
1357 2327 1489 2386 accusarit,
1501 2327 1521 2375 si
1541 2327 1598 2376 nihii
1611 2329 1642 2377 ab
1657 2342 1685 2378 es
1694 2331 1742 2379 iaie

952 2408 1074 2466 patratum
1089 2406 1150 2455 tuit?
1172 2411 1223 2468 Ego
1237 2410 1262 2456 et
1281 2408 1327 2457 hoc
1343 2408 1411 2458 robis
1423 2409 1505 2458 dicam
1519 2412 1544 2459 et
1562 2424 1593 2459 ne
1610 2425 1651 2472 per
1668 2413 1740 2473 deos,

951 2505 991 2540 rue
1003 2491 1141 2553 hujusmodi
1151 2494 1259 2542 oratioue
1270 2494 1306 2541 uti
1319 2494 1469 2554 existimetis,
1481 2508 1531 2557 quo
1544 2496 1669 2546 mutierem
1680 2498 1742 2547 hanc

952 2579 976 2627 in
989 2579 1106 2628 invidiam
1119 2579 1221 2641 rapiam,
1236 2579 1277 2628 sed
1293 2580 1335 2641 qui
1348 2593 1399 2628 rem
1411 2581 1486 2641 ipsam
1498 2580 1583 2631 ordine
1596 2596 1740 2633 recenseam.

951 2665 1046 2714 hieiites
1060 2663 1205 2714 adolescenti
1229 2664 1328 2725 hujusce
1343 2677 1426 2713 amore
1438 2665 1571 2727 flagrabat:
1586 2664 1616 2712 de
1638 2664 1738 2725 nuptiis·

951 2764 1016 2812 que,
1032 2753 1164 2813 antequam
1177 2749 1285 2799 marinus
1305 2750 1349 2799 iste
1362 2750 1399 2798 vir
1415 2751 1555 2811 revixisset,
1577 2751 1674 2800 hahitus
1689 2752 1740 2801 iue-

951 2837 988 2884 rat
1002 2849 1090 2884 sermo.
1125 2836 1169 2885 iiic
1185 2849 1242 2883 sero
1256 2848 1305 2883 non
1321 2836 1393 2884 modo
1408 2836 1484 2884 amori
1500 2849 1548 2884 non
1564 2836 1739 2898 respondebat,

951 2919 993 2968 ced
1014 2921 1087 2969 eiiam
1104 2933 1118 2968 a
1135 2922 1224 2982 nuptiis
1236 2934 1309 2983 quam
1330 2922 1464 2981 longissime
1484 2922 1638 2970 abhorrebat.
1673 2923 1738 2979 Quin

951 3004 1023 3053 etiarn
1035 3006 1127 3062 amica,
1147 3018 1220 3066 quarn
1241 3006 1294 3054 iuce
1310 3007 1443 3067 privatam,
1468 3007 1505 3055 uti
1521 3007 1596 3065 dixit,
1611 3006 1739 3064 credebat,

952 3083 1006 3131 riva
1019 3082 1082 3144 apud
1097 3083 1239 3132 sosthenem
1256 3085 1362 3145 reperta,
1376 3084 1453 3132 mutto
1467 3084 1541 3145 magis
1556 3085 1629 3133 etiam
1642 3084 1739 3134 iieiiten

951 3166 1074 3210 avocatus
1087 3166 1131 3211 est.
1165 3166 1226 3219 Quae
1239 3175 1315 3224 quum
1335 3162 1438 3224 pueliam
1455 3163 1518 3225 apud
1535 3165 1677 3213 sosthenem
1702 3165 1739 3212 in·

951 3246 1048 3292 ventam
1067 3242 1139 3305 hnjm
1158 3243 1261 3291 emicem
1281 3255 1333 3291 osse
1354 3244 1461 3292 nondum
1475 3244 1563 3303 sciret,
1585 3244 1647 3293 iiiios
1663 3243 1738 3292 ricem

952 3329 1065 3378 miserata
1079 3342 1093 3377 e
1108 3329 1224 3386 vincuiis‚
1240 3326 1329 3390 quihus
1343 3340 1358 3376 a
1375 3328 1493 3376 Sosthono
1505 3329 1634 3377 constricta
1648 3331 1739 3389 iuerat,

951 3408 1012 3456 solvi
1023 3408 1101 3469 jussit,
1115 3408 1218 3469 hospitio
1232 3408 1338 3469 occepit,
1355 3410 1380 3456 et
1394 3409 1510 3470 tanquam
1525 3408 1625 3457 iiberam
1638 3409 1662 3457 in
1674 3411 1739 3458 eain·

952 3489 1035 3538 rnitnte
1047 3488 1137 3550 aiioqui
1150 3488 1304 3536 constitutam
1326 3487 1350 3535 in
1368 3487 1459 3535 iionore
1477 3487 1580 3537 instruite
1600 3487 1700 3536 demum
1715 3503 1741 3538 rc

952 3570 1046 3629 cognita
1059 3582 1100 3618 rus
1114 3568 1192 3626 misit,
1204 3572 1231 3618 ut
1247 3567 1292 3629 ipsi
1308 3567 1414 3628 aliquem
1429 3580 1526 3630 operam
1543 3569 1668 3629 praestaret
1685 3571 1739 3630 post

951 3662 1007 3709 qum
1020 3649 1086 3698 nuiio
1100 3648 1202 3710 amplius
1218 3648 1241 3697 iu
1258 3648 1311 3696 ioco
1323 3648 1398 3696 visam
1411 3648 1482 3696 tuisse
1494 3647 1571 3697 aiunt.
1605 3650 1644 3698 hie
1658 3652 1739 3698 autem

951 3740 1009 3776 cera
1021 3726 1096 3789 ioqui,
1109 3730 1133 3776 ei
1145 3727 1225 3776 hieiitc
1241 3725 1301 3788 ipsa,
1318 3729 1343 3774 et
1357 3726 1450 3775 ancilias
1464 3726 1529 3785 dire,
1542 3726 1686 3788 quibuscum
1700 3728 1740 3776 iiia

952 3823 993 3858 rus
1009 3807 1080 3857 missa
1092 3808 1135 3857 tuit
1152 3808 1314 3857 testabuntur.
1349 3806 1395 3855 Sed
1410 3806 1468 3856 iiiud
1486 3806 1609 3857 hominem
1628 3808 1651 3856 in
1663 3810 1739 3870 suspi-

952 3890 1044 3937 cionem
1055 3888 1156 3937 addurii
1167 3902 1173 3934 ε
1186 3888 1278 3936 veritus
1289 3887 1353 3936 enim
1364 3888 1409 3946 cst,
1425 3900 1455 3935 ne
1466 3886 1592 3949 zetotppiae
1605 3887 1687 3936 iurore
1696 3887 1739 3936 de·

951 3967 1015 4016 ricta
1024 3967 1118 4027 muiicr,
1127 3965 1262 4027 Leucippen
1270 3964 1387 4015 demedio
1395 3964 1557 4026 toiiijusserii.
1576 3966 1739 4014 Deindeaiiud

952 4044 1066 4107 quiddam
1079 4044 1133 4103 sibi,
1146 4043 1205 4091 dum
1219 4044 1243 4091 in
1258 4056 1354 4092 carcere
1369 4045 1441 4100 esset,
1453 4044 1565 4091 eveniens
1579 4043 1738 4104 suspicionem

952 4123 1065 4180 adannit;
1081 4122 1251 4184 hominemque
1270 4127 1295 4169 et
1314 4123 1398 4169 contra
1419 4122 1496 4168 semet
1514 4121 1606 4181 ipsum,
1618 4124 1641 4169 ot
1656 4124 1739 4169 contra

952 4202 1049 4251 iiioiiten
1066 4201 1176 4250 irritavit.
1210 4200 1315 4256 Quidam
1330 4201 1394 4247 enim
1407 4214 1436 4247 ex
1455 4199 1496 4258 iis,
1509 4200 1552 4260 qui
1566 4200 1589 4246 in
1606 4200 1738 4249 custodiam

952 4281 1003 4330 dati
1019 4279 1123 4338 inerant,
1135 4291 1203 4326 suarn
1217 4291 1259 4339 per
1270 4291 1321 4326 sese
1331 4277 1407 4325 ricem
1420 4277 1513 4335 dolens,
1530 4277 1650 4337 narravit,
1663 4290 1688 4325 se
1701 4277 1737 4325 in·

953 4366 989 4411 ter
1004 4361 1111 4411 eundum
1126 4359 1150 4408 in
1164 4359 1278 4408 sicarium
1292 4360 1372 4408 nescio
1388 4371 1461 4420 quem
1475 4356 1593 4417 incidisse,
1609 4358 1650 4418 qui
1664 4359 1740 4418 pretio

952 4443 1050 4501 accepto
1062 4439 1166 4502 pueliam
1183 4450 1279 4487 necasse
1296 4437 1371 4485 fassus
1381 4439 1435 4486 est:
1454 4438 1478 4484 et
1491 4450 1546 4498 qum
1564 4435 1654 4484 caedem
1671 4449 1739 4485 man·

952 4519 1069 4578 daverat,
1089 4517 1200 4577 hieiiten5
1215 4528 1271 4578 quae
1287 4518 1371 4564 necata
1392 4516 1484 4574 iuerat,
1507 4515 1645 4575 Leucippen
1659 4516 1738 4563 norni-

928 4610 931 4621 ¹
953 4601 1005 4649 nari
1018 4599 1087 4648 dixit.
1121 4596 1191 4655 Quod
1207 4600 1356 4659 postremum
1371 4610 1402 4644 an
1419 4597 1452 4645 ita
1471 4610 1497 4644 se
1512 4595 1614 4653 habeat,
1628 4595 1739 4656 equidem

928 4698 931 4707 ⁴
953 4680 1060 4729 nondum
1073 4679 1148 4728 haheo
1162 4681 1312 4740 compertum
1331 4695 1337 4725 ε
1353 4677 1395 4725 εει]
1411 4676 1470 4725 iiind
1484 4674 1552 4723 vohis
1572 4675 1694 4736 inquirere
1708 4676 1737 4724 ii·

953 4760 1023 4808 oehit.
1058 4759 1173 4806 Vinctum
1187 4757 1409 4807 hominemhahetis
1421 4775 1426 4804 :
1440 4756 1507 4804 oriest
1520 4755 1740 4817 pretereasosthe·

953 4850 1008 4897 ner,
1023 4836 1112 4885 adsunt
1133 4836 1248 4886 anciiim:
1271 4849 1376 4898 qnorum
1399 4849 1428 4883 ex
1443 4835 1518 4883 attero
1538 4832 1614 4895 quccri
1635 4833 1674 4895 jus
1690 4837 1739 4893 esi,

953 4916 1017 4965 unde
1030 4917 1074 4965 sibi
1087 4916 1207 4979 Leucippe
1220 4917 1244 4965 in
1259 4916 1400 4965 seruitutem
1413 4913 1468 4960 data
1479 4913 1525 4961 sii:
1537 4925 1567 4962 ex
1577 4912 1666 4970 atteris,
1680 4926 1740 4975 quo·

953 4994 1025 5044 inodo
1045 5009 1058 5044 c
1081 4995 1218 5043 mortalium
1240 4995 1368 5054 conspectu
1390 4992 1421 5041 sit
1442 4993 1538 5053 erepta;
1558 4994 1693 5053 postremus
1711 4991 1741 5039 de

953 5075 1101 5124 mercenario
1108 5077 1218 5123 testetur.
1252 5073 1322 5122 Prius
1335 5084 1475 5133 veroquam
1486 5069 1573 5119 harum
1585 5069 1693 5117 omnium
1706 5069 1740 5116 in-

954 5155 1079 5218 vestigatio
1093 5167 1107 5203 ε
1119 5152 1187 5202 nohis
1196 5152 1259 5200 tacta
1268 5151 1308 5209 sit,
1319 5162 1398 5212 neque
1407 5148 1455 5211 jus,
1468 5161 1547 5212 neque
1559 5148 1594 5196 ias
1608 5150 1652 5207 est,
1664 5148 1737 5195 vitam
