3726 5692
155 340 216 388 254

154 457 217 535 πρὸς
233 457 311 513 αὐτοῦ
326 452 423 530 ἔλεγεν,
437 452 532 508 ἀδικῶν
545 449 567 506 τ’
579 446 652 506 οὐδὲν
667 447 712 506 καὶ
727 449 778 504 τῶν
800 445 891 524 φιλίων
904 447 939 510 εἰς

154 543 201 614 τὴν
217 543 397 621 παρελθοῦσαν
412 538 513 617 ἡμέραν
532 540 687 614 γεγενῆσθαι
702 535 748 594 καί
763 534 837 612 παρά
854 533 942 614 φίλους

154 632 226 703 ἥκειν
242 628 439 703 διατεινόμενος.

195 718 250 778 1Δ’.
269 716 419 776 Ἐπεκλᾶτο
439 713 502 793 πρὸς
516 714 617 771 ταῦθθ
636 710 751 788 Κνήμων
772 710 817 769 καῖ
830 713 943 789 προσελ-

126 827 139 864 ο
155 807 215 876 θὼν,
228 803 356 875 ἀνέστησέ
365 826 394 861 τε
408 806 459 860 τῶν
470 800 587 879 γονάτων
597 800 721 880 ἐχόμενον
732 804 776 857 τοῦ
793 799 942 876 Θεαγένους

155 896 199 954 καὶ
222 899 272 952 ποῦ
296 891 401 968 Θθαμις
420 889 578 949 ἐπυνθάνετο
600 890 724 967 συνεχῶς.
766 885 802 947 Ὁ
819 887 846 945 δὲ
863 886 941 945 πάντ’
965 880 968 933 ί

155 983 257 1060 ἔλεγεν·
272 985 306 1047 ὡς
329 976 467 1059 συνέρρηξε
480 985 532 1044 τοῖς
550 975 702 1053 πολεμίοις,
715 978 750 1043 ὡς
771 972 894 1052 ἐμόοιλὼν
908 977 943 1041 εἰς

156 1071 251 1149 μέσους
270 1070 402 1148 ἐμάχετο,
423 1065 478 1126 οὔτ’
492 1066 596 1125 ἐκείνων
612 1064 665 1124 οὔθ’
678 1068 757 1124 αὑτοῦ
777 1065 942 1146 φειδόμενος,

156 1163 191 1226 ὡς
205 1162 295 1238 ἀνῄρει
311 1156 359 1233 μὲν
371 1156 412 1215 ἀεί
426 1154 469 1214 τὸν
485 1154 536 1212 ὑπὸ
549 1162 640 1234 χεῖρας
653 1151 813 1232 γιγνόμενον,
826 1156 944 1233 ἐδορυφό-

117 1268 142 1306 ιο
158 1257 225 1330 ρεῐτο
237 1249 259 1305 δ’
275 1247 351 1312 αὐτὸς
366 1244 418 1303 ἀπὸ
435 1243 616 1323 κηρύγματος,
635 1243 722 1301 πάντα
737 1242 795 1301 τινὰ
810 1241 945 1317 Θυάμιδος

156 1337 290 1418 φείδεσθαι
306 1336 518 1413 παρεγγυῶντος·
534 1329 579 1389 καὶ
590 1330 662 1396 τέλος
678 1334 712 1397 ῶς
722 1332 818 1397 ἐκεῖνος
833 1331 880 1408 μέν
894 1329 945 1389 ότι

157 1425 202 1484 καὶ
217 1424 330 1501 γέγονεν,
342 1423 390 1481 οὐκ
402 1422 458 1499 ἔχοι
471 1419 564 1497 λέγειν·
577 1419 652 1486 αὐτὸς
664 1418 692 1478 δέ
703 1418 869 1499 τραυματίας
883 1421 945 1476 ἀπε·
994 1468 999 1477 .

158 1512 253 1583 νήξατο
266 1511 329 1590 πρὸς
348 1533 395 1581 sp
416 1513 465 1587 γῆν
486 1507 531 1567 καῖ
543 1507 573 1566 τδ
587 1507 671 1586 παρὸν
688 1507 757 1564 κατά
772 1506 879 1577 ζήτησιν
896 1497 945 1577 ἧκε

157 1606 203 1673 τῆς
216 1598 321 1672 Θίσῦης
333 1598 376 1657 ἐπὶ
390 1597 420 1656 τδ
437 1595 576 1666 σπήλαιον.
618 1599 653 1654 Οἱ
667 1594 710 1671 δὲ,
731 1595 757 1652 τί
771 1594 945 1675 διαφέρουσαν

121 1709 144 1745 rs
160 1687 290 1770 αὐτῷκαὶ
305 1689 382 1745 πόθεν
397 1683 539 1762 γενομένην
553 1683 687 1755 ἐπιζητοίη
703 1682 808 1754 etrier
823 1681 943 1761 ἠρώτων.

158 1777 255 1854 Ἔλεγε
270 1776 316 1834 καί
330 1773 403 1832 ταῦθ’
418 1777 432 1831 ό
448 1772 596 1852 Θέρμουθις
613 1774 658 1829 καί
679 1773 794 1849 διηγεῖτο
814 1774 848 1836 ὡς
862 1768 945 1845 ε’μπό·

160 1890 210 1945 ρων
225 1864 363 1945 ἀφέλοιτο,
378 1865 413 1928 ῶς
425 1861 529 1940 ἠράσθη
549 1865 665 1937 μανικῶς
679 1860 724 1917 καὶ
739 1857 782 1918 τδν
803 1856 850 1936 μὲν
865 1857 944 1916 ἄλλον

160 1955 286 2034 ἔκρυπτεν
299 1952 367 2031 ἔχων
379 1951 482 2030 χρόνον,
501 1950 575 2029 παρά
591 1949 618 2007 δὲ
634 1948 681 2020 τὴν
693 1948 782 2028 ἔφοδον
803 1951 855 2005 τῶν
866 1948 945 2004 πολε·

159 2043 224 2118 μίων
242 2045 355 2110 καθῆκεν
375 2041 410 2105 εἰς
434 2037 464 2096 τὸ
480 2037 608 2108 σπήλαιον
624 2036 669 2095 καί
684 2042 727 2094 νῦν
747 2034 861 2114 εὑρίσκει
883 2034 947 2113 πρός

119 2149 145 2186 το
158 2156 234 2189 τινων
255 2127 433 2208 ἀνῃρημένην,
454 2127 497 2193 οὕς
512 2128 559 2184 οὐκ
573 2125 629 2204 ἔχοι
651 2124 698 2201 μὲν
717 2125 879 2203 γιγνώσκειν,
895 2147 947 2198 μα·

158 2223 210 2278 θεῖν
225 2218 246 2276 δ’
260 2217 291 2276 ἀν
304 2216 401 2288 ἡδέως,
414 2213 479 2294 ὕπέρ
493 2220 539 2272 τοῦ
552 2218 648 2290 γνῶναι
660 2213 706 2272 καί
720 2213 767 2284 τὴν
782 2212 878 2274 αἰτίαν.
894 2213 947 2271 Καὶ

158 2305 300 2381 ὁΚνήμων
316 2304 383 2381 άγαν
399 2304 626 2377 ἐσπουδασμένος,
643 2302 750 2376 Θθαμίς
768 2304 863 2359 ἐστινθ
884 2323 948 2381 σφα-

158 2392 228 2471 γεὺς,
242 2393 339 2468 ἔλεγεν,
355 2390 537 2449 ἀπολύσασθαι
561 2395 607 2459 τῆς
619 2391 730 2470 ὑποψίας
749 2391 827 2447 αὑτὸν
845 2388 947 2465 ἐπειγό-

159 2505 234 2558 μενος
256 2479 302 2538 καί
324 2477 467 2560 μαρτύριον
491 2476 625 2536 ἐπιδείκνυ
646 2479 675 2535 τὸ
691 2477 760 2556 ξίφος
776 2476 790 2535 δ
808 2475 882 2556 παρὰ
901 2474 948 2545 τὴν

118 2583 143 2623 an
159 2569 261 2646 σφαγὴν
275 2567 430 2647 εθρηκεσαν.
474 2565 520 2633 Ὡς
537 2565 558 2624 δ’
571 2556 636 2623 εἶδεν
659 2563 833 2644 θθέρμουθις
849 2565 886 2622 ἔτι
903 2567 948 2622 τοῦ

160 2656 271 2733 αἵματος
291 2655 438 2724 ἀποστάζον
463 2653 508 2712 καί
521 2652 566 2711 τδν
589 2653 640 2734 πρὸ
656 2653 745 2731 ὀλίγου
764 2652 839 2733 φόνον
854 2652 948 2731 θερμὸν

159 2744 198 2803 έτι
210 2743 254 2803 τδν
267 2743 373 2823 σίδηρον
390 2744 576 2815 ἀποπτύοντα,
591 2741 717 2822 ἐγνῶρισέ
729 2741 752 2800 τ’
766 2731 831 2800 εῖναι
845 2741 949 2818 Θυάμι·

160 2834 217 2909 δος,
233 2832 299 2911 βαθύ
314 2830 398 2890 τεκαὶ
413 2832 500 2911 βύθιον
515 2829 639 2899 στενάξας
651 2830 696 2889 καὶ
712 2829 741 2889 τὸ
755 2828 860 2908 γεγονδς
879 2829 949 2896 ὅπως

160 2911 229 2999 εἶχεν
243 2921 401 2998 ἀμηχανῶν,
415 2919 496 2998 ἀχλθῑ
514 2918 559 2978 καὶ
574 2924 635 2999 σιγῇ
649 2919 774 2998 κάτοχος,
788 2919 832 2977 ἐπὶ
847 2917 876 2977 τδ
889 2918 948 2978 στό·

120 3020 218 3086 οσριιον
241 3008 362 3065 ἀνεδύετο
383 3012 427 3066 τοῦ
440 3007 571 3078 σπηλαίου
594 3007 638 3065 καί
656 3007 729 3088 παρά
751 3007 781 3065 τὸ
802 3009 881 3083 σῶμα
903 3010 949 3076 τῆς

160 3094 282 3174 κειμένης
299 3095 382 3168 ἥκων,
396 3094 491 3162 ἐπιθείς
505 3118 534 3154 τε
547 3104 600 3163 τοῖς
621 3095 736 3177 στέρνοις
756 3094 804 3167 τὴν
821 3093 949 3175 κεφαλὴν,

149 3179 300 3259 Ὦθίσόη,
315 3185 402 3263 ἔλεγε,
415 3184 548 3245 καὶτοῦτο
562 3184 689 3253 πολλάκις
702 3184 748 3245 καί
762 3183 842 3244 πλέον
857 3183 946 3242 οὐδέν·

161 3273 209 3340 ἕως
222 3272 336 3351 τοῦνομα
352 3273 422 3332 κατὰ
437 3273 514 3352 μέρος
528 3273 684 3350 ἀποτέμνων
698 3273 744 3333 καί
766 3275 836 3331 κατὰ
856 3270 949 3351 μικρὸν

87 3356 90 3364 Α
161 3361 297 3433 ἐκλείπων,
311 3360 402 3419 ἔλαθεν
417 3361 452 3428 είς
466 3359 544 3418 ὕπνον
560 3361 693 3436 ἐμπεσών.

120 3466 146 3506 οε
201 3450 257 3509 lE'.
271 3451 320 3529 Τῷ
333 3449 361 3508 δὲ
375 3449 503 3526 Θεαγένει
515 3451 561 3508 καί
579 3455 612 3529 τῇ
630 3451 776 3530 Χαρικλείᾳ
793 3450 896 3525 συνάμα
911 3454 949 3530 τῷ

162 3537 291 3612 Κνήμωνι
300 3536 405 3595 πάντων
414 3536 498 3596 έννοια
511 3541 563 3596 τῶν
574 3542 632 3595 καθ’
642 3536 747 3603 ἑαυτοὺς
761 3536 853 3616 ἀθρόον
865 3541 950 3597 ἐπεισ-

161 3625 203 3703 ῄιι
224 3625 269 3682 καὶ
287 3627 394 3684 σκοπεῖν
417 3626 501 3703 μένει
526 3626 692 3707 βουλομένοις
709 3625 835 3708 ἐῴκεσαν,
855 3629 906 3685 τῶν
922 3628 949 3686 δέ

161 3712 343 3795 παρελθόντων
364 3717 491 3791 ἀλγεινῶν
510 3715 540 3774 τὸ
558 3717 657 3786 πλῆθος
670 3715 715 3774 καί
736 3719 787 3773 τῶν
810 3719 949 3796 παρουσῶν

162 3805 304 3882 συμφορῶν
318 3801 348 3861 τὸ
363 3802 462 3880 δίπορον
476 3803 522 3862 καί
535 3806 587 3862 τῶν
599 3802 824 3883 προσδοκωμένων
839 3803 868 3862 τδ
883 3804 947 3876 ἀδη-

122 3905 149 3945 to
160 3891 218 3967 λον,
234 3891 326 3971 ἐζόφου
340 3895 386 3964 τῆς
397 3894 482 3972 ψυχῆς
495 3890 525 3950 τό
537 3891 712 3970 λογιζόμενον.
757 3895 803 3959 Εἷς
821 3893 950 3965 ἀλλήλους

165 3979 192 4037 δέ
207 3977 251 4037 ἐπί
265 3981 388 4038 πλεῖστον
403 3978 491 4061 έώρων
513 3982 558 4039 καὶ
579 3977 686 4048 ἕκαστος
710 3979 753 4039 τδν
768 3981 854 4061 ἕτερον
869 3983 949 4040 εἰπεῖν

161 4091 187 4125 τι
208 4068 371 4147 προσδοκῶν,
393 4058 439 4126 εἶτ’
454 4068 644 4147 ἀποτυγχάνων
667 4071 702 4137 εῖς
720 4074 769 4148 γῆν
788 4069 817 4127 τὸ
842 4069 949 4177 βλέμμμ
996 4131 1150 4191 exspectans,
1163 4127 1249 4178 deinde
1262 4143 1304 4192 spe
1315 4129 1410 4192 lapsus,
1424 4131 1547 4181 ,mmm
1564 4132 1660 4183 mltum
1672 4116 1767 4182 ware

161 4154 303 4237 ἐπέστρεφε
323 4154 369 4214 καί
384 4155 529 4223 ἀνανεθσας
553 4146 623 4222 αὕθις
638 4158 794 4230 ἀνέπνευσε,
813 4180 950 4239 στεναγμιρ

160 4242 191 4303 τὸ
204 4245 285 4312 πάθος
304 4245 483 4325 ἐπικουφίσας.
527 4247 582 4306 Καὶ
597 4248 685 4320 τελος,
706 4247 788 4306 κλίνει
805 4247 853 4325 μὲν
872 4248 949 4306 αὕτδν

120 4347 146 4387 to
161 4335 197 4401 είς
210 4332 258 4406 τὴν
272 4337 321 4411 γῆν
337 4337 350 4391 ὁ
366 4333 494 4413 Κνήμων,
509 4335 614 4404 ὀκλάζει
628 4337 650 4393 δ’
665 4336 708 4394 ἐπὶ
730 4335 828 4414 πέτραν
843 4340 857 4394 θ
871 4340 950 4399 Θεα-

161 4421 251 4501 γένης,
277 4420 362 4502 ῥίπτει
375 4422 398 4481 δ’
420 4421 464 4481 ἐπί
480 4429 569 4482 τοῦτον
594 4422 676 4495 αὑτὴν
697 4429 714 4495 ἡ
737 4423 883 4502 Χαρίκλεια
904 4424 950 4485 καί

160 4509 204 4569 τὸν
218 4511 296 4569 ὕπνον
311 4508 423 4569 ἐπιπολὺ
439 4509 487 4588 μὲν
503 4511 689 4591 ἐπιφερόμενον
706 4513 864 4588 διωθοῦντο,
888 4516 950 4591 βου·

161 4598 209 4668 triv
219 4622 278 4656 τινα
290 4597 439 4670 στήσασθαι
449 4602 501 4658 τῶν
511 4600 647 4680 παρόντων
659 4602 853 4679 ἐπιθυμοῦντες,
862 4601 951 4662 λειπο·

162 4687 242 4765 θυμία
254 4685 281 4744 δὲ
295 4687 340 4745 καί
354 4687 440 4754 πόνοις
452 4686 575 4759 ἐνδόντες,
589 4687 691 4768 φύσεως
703 4690 776 4770 νόμῳ
787 4688 833 4747 καί
846 4687 951 4758 ἄκοντες

120 4785 148 4823 οο
162 4771 293 4832 ἐπείθοντο
309 4774 354 4832 καί
367 4773 432 4856 πρὸς
452 4772 501 4847 ἡδῦ
516 4778 595 4852 κῶμα
611 4775 653 4833 διά
673 4775 703 4835 τὸ
726 4774 891 4856 ὕπερόάλλον
905 4781 951 4849 τῆς

162 4858 247 4929 λύπης
268 4860 426 4935 ὠλίσθησαν.
468 4863 563 4931 Οὕτως
583 4863 634 4943 ἀρα
653 4863 717 4924 ποτὲ
734 4864 857 4941 σώματος
874 4865 950 4925 πάθει

162 4945 208 5004 καλ
221 4946 251 5005 τό
267 4949 353 5027 νοερὸν
366 4955 412 5022 τῆς
426 4954 512 5032 ψυχῆς
525 4955 710 5032 συνομολογεῖν
723 4955 861 5035 ἠνέσχετο.

202 5036 248 5111 lq·
249 5033 266 5096 ¹.
290 5036 368 5096 Ἐπεί
382 5037 410 5096 δέ
423 5040 662 5121 μικρδνέπωίσαντο
676 5042 756 5103 ὕπνου
770 5047 816 5103 καί
828 5049 949 5104 τοσοῦτον

160 5120 222 5181 ὅσον
235 5121 270 5182 τδι
287 5122 422 5205 ἀκρατῶν
438 5128 575 5209 βλεφάρων
590 5132 740 5206 ἐπιλεᾶναι,
755 5137 788 5213 τῇ
803 5132 949 5213 Χαρικλείᾳ

700 317 914 378 nationum
936 313 1240 374 AETalortcoatiM

988 453 1094 512 sanetur,
1104 451 1215 511 dicebat,
1226 451 1291 499 nulia
1303 450 1327 497 ia
1339 463 1364 498 re
1376 461 1483 511 unquam
1493 460 1518 496 se
1532 447 1601 497 ittnm
1618 446 1709 506 iniuria
1725 446 1784 496 atie·

990 539 1050 589 cisae
1068 540 1093 588 et
1107 539 1198 588 socium
1215 537 1290 600 pridie
1309 537 1380 586 tuisse
1396 539 1421 586 et
1431 535 1466 602 ad
1481 535 1572 584 amicos
1584 534 1669 583 uenire
1686 546 1786 585 assere·

990 641 1054 677 rans.

1018 718 1085 766 xlv.
1100 717 1227 764 Permotus
1238 717 1274 763 est
1288 714 1325 763 tris
1338 717 1445 763 cuemon
1456 715 1481 762 et
1496 710 1616 762 accedens
1633 711 1718 761 erexit
1729 724 1784 761 am·

990 809 1090 871 plexum
1102 821 1181 871 genua
1201 808 1332 869 Theogenis
1352 810 1376 857 et
1394 807 1436 856 ubi
1455 810 1520 856 esset
1537 806 1653 868 Thyamis
1667 805 1787 856 continuo

989 902 1123 965 querebat.
1156 902 1203 953 tile
1214 905 1297 951 autem
1306 903 1387 951 omnia
1396 901 1500 964 dicebat,
1511 900 1785 964 quomodoconttiaesat

990 1010 1047 1047 crim
1062 997 1179 1058 hostibus,
1192 995 1315 1059 quomodo
1331 997 1355 1044 in
1372 995 1477 1045 mediam
1490 995 1567 1044 aciem
1578 995 1785 1045 sesa-immittens

991 1091 1135 1153 dimicabat,
1149 1104 1194 1141 uec
1211 1091 1306 1141 illorum
1319 1103 1365 1139 nee
1375 1103 1427 1139 sum
1440 1089 1512 1139 saluti
1525 1102 1640 1152 parcens,
1660 1087 1782 1154 φυουιοὼ

991 1199 1112 1249 quemque
1123 1184 1224 1235 obvium
1232 1184 1379 1247 trucidabat,
1389 1183 1468 1247 ipsum
1476 1196 1533 1234 vero
1541 1182 1776 1246 tuebaturcdtctam,

991 1293 1046 1341 quo.
1057 1278 1189 1342 uniculque
1201 1277 1372 1340 mandabatur,
1388 1277 1518 1341 Thyamtdl
1538 1279 1650 1342 parceret
1660 1298 1669 1328 r
1680 1278 1776 1342 demque

992 1373 1068 1435 quod,
1078 1374 1136 1437 quid
1145 1373 1177 1422 ad
1186 1379 1321 1424 extremum
1333 1374 1367 1423 illi
1382 1372 1505 1435 acciderit,
1515 1386 1564 1424 aon
1576 1374 1659 1436 posset
1672 1372 1772 1423 dicereet

992 1482 1042 1530 ipse
1053 1468 1149 1518 saucius
1160 1470 1184 1518 in
1197 1472 1287 1519 terram
1298 1471 1404 1530 enasset,
1414 1469 1439 1518 in
1453 1469 1580 1532 proeaentla
1592 1481 1651 1519 vero
1661 1467 1693 1519 ad
1702 1467 1767 1531 inqu·

993 1563 1104 1614 sitioaem
1127 1563 1229 1613 Ttnisbea
1245 1564 1270 1612 tn
1289 1567 1387 1614 antrum
1410 1564 1510 1614 ventret.
1545 1563 1583 1613 tlti
1604 1565 1703 1626 anoem,
1720 1563 1764 1627 qni

993 1656 1068 1718 ipsius
1080 1657 1218 1719 interesset,
1231 1657 1334 1707 Thisben
1354 1659 1474 1720 inquirere
1485 1661 1509 1708 et
1521 1656 1585 1707 unde
1596 1659 1674 1721 ipsam
1683 1657 1762 1721 κόσμει

991 1751 1052 1798 esset
1065 1749 1295 1811 percunctabantur.
1329 1750 1429 1799 Dicebat
1439 1753 1463 1799 et
1473 1751 1526 1799 baec
1536 1751 1701 1812 Thermuthin,
1711 1763 1761 1801 mu·

992 1856 1061 1903 rans,
1079 1844 1204 1905 quomodo
1218 1845 1392 1893 mercatoribus
1408 1844 1559 1905 abstulisset,
1578 1844 1700 1907 quomodo
1712 1843 1758 1894 illua

992 1936 1143 1999 deperiisset,
1160 1938 1283 2000 quomodo
1292 1939 1340 1987 atio
1350 1938 1448 2001 quidem
1463 1942 1571 2002 tempore
1581 1939 1645 1988 clam
1659 1937 1759 2002 apudara

993 2035 1151 2093 sssemasset,
1161 2033 1207 2081 sub
1215 2033 1347 2082 adventum
1360 2036 1441 2083 autem
1451 2034 1558 2083 bostium
1568 2034 1593 2082 in
1602 2030 1759 2083 cntrumdmi·

992 2127 1069 2187 sisset,
1079 2141 1146 2178 nunc
1157 2131 1238 2178 autem
1248 2129 1355 2177 inveniat
1366 2142 1380 2176 a
1392 2128 1539 2190 quibusdam
1551 2128 1708 2191 interemtam,
1715 2138 1759 2189 qarc

992 2222 1033 2282 qui
1048 2224 1096 2270 sint
1115 2224 1175 2272 scire
1186 2237 1233 2272 non
1249 2223 1338 2285 possit,
1355 2226 1523 2273 verumtamen
1543 2223 1648 2274 libenter
1659 2221 1759 2279 ΗΜ,

993 2323 1072 2358 causae
1089 2313 1115 2360 et
1133 2312 1264 2360 occasionis
1277 2311 1349 2360 credis
1366 2312 1537 2373 cognoscendae
1555 2315 1640 2374 gratia.
1671 2315 1759 2365 cornua

993 2398 1074 2462 itaque
1084 2400 1197 2462 singulari
1208 2401 1289 2450 studio
1299 2402 1453 2463 cupienssese
1462 2402 1643 2464 quamprimum
1650 2400 1760 2463 auspiciu

995 2485 1105 2547 liberare,
1117 2489 1232 2550 Thyamis
1240 2493 1277 2539 eat
1287 2490 1433 2549 interfector,
1443 2489 1539 2538 dicebat
1548 2493 1573 2539 et
1582 2491 1608 2539 in
1619 2487 1759 2541 testimoniam

994 2575 1129 2625 adducebat
1139 2576 1244 2637 gladium
1257 2591 1331 2640 quem
1343 2576 1414 2639 juxta
1432 2577 1523 2628 caedem
1536 2578 1685 2629 invenerant.
1712 2578 1760 2625 Ean

995 2669 1024 2715 ut
1034 2664 1095 2714 vidit
1106 2666 1264 2715 Thermutbie
1272 2666 1352 2716 adtruc
1360 2680 1445 2717 cruore
1455 2669 1605 2728 manantem,
1617 2666 1691 2717 calido
1699 2662 1760 2715 σῶα

996 2754 1059 2804 terro
1079 2757 1199 2804 recentem
1217 2754 1310 2804 caedem
1329 2758 1463 2805 excudente
1479 2757 1504 2804 et
1515 2756 1631 2818 cognorit
1643 2752 1760 2815 mure

995 2843 1087 2904 mtdts,
1104 2843 1270 2894 vehementius
1288 2847 1361 2904 atque
1376 2844 1425 2892 imo
1444 2856 1459 2891 a
1476 2847 1575 2905 pectore
1593 2834 1761 2908 ingemiscenti

995 2931 1118 2995 quomodo
1134 2932 1272 2981 contectum
1286 2934 1349 2981 asset
1359 2932 1481 2994 negotium
1498 2933 1627 2995 ignorans,
1642 2932 1761 2996 mltgiaw

994 3020 1091 3071 silentio
1100 3033 1227 3082 oppressus
1240 3020 1333 3069 redibat
1347 3019 1378 3069 ad
1393 3034 1420 3070 os
1430 3021 1493 3070 antri
1506 3025 1530 3070 et
1543 3020 1575 3070 ad
1586 3035 1673 3084 corpus
1681 3012 1760 3083 inoffi
1791 3052 1793 3059 ·

995 3109 1106 3167 veniens,
1118 3122 1147 3158 ac
1157 3109 1247 3172 pectori
1257 3109 1334 3171 capite
1345 3109 1473 3172 imposito,
1486 3123 1501 3158 ο
1515 3109 1606 3160 Thisbe
1620 3110 1760 3173 sepemoe

996 3200 1111 3259 praetereo
1122 3197 1254 3260 quidquam
1270 3197 1374 3257 dicebat,
1391 3211 1467 3260 usquc
1483 3197 1543 3247 dum
1555 3211 1645 3249 nornen
1660 3190 1757 3261 pauthllfl

996 3286 1110 3335 mutilum
1122 3288 1146 3335 et
1155 3286 1234 3348 paullo
1247 3288 1301 3348 post
1314 3286 1365 3349 ipse
1375 3285 1500 3349 deticieus,
1516 3300 1604 3338 somno
1612 3286 1673 3337 ciam
1682 3289 1758 3349 opit*
1780 3278 1786 3295 '

996 3377 1091 3424 susest.

1024 3472 1077 3519 xv.
1090 3469 1240 3532 Ttrmgenem
1248 3470 1329 3518 autem
1340 3474 1364 3518 et
1375 3469 1526 3518 ctraricteam
1536 3482 1587 3522 nna
1596 3482 1653 3519 cum
1661 3468 1758 3520 cumr*
1791 3510 1793 3517 .

996 3562 1094 3613 subibat
1114 3563 1144 3612 de
1168 3566 1231 3614 statu
1248 3577 1329 3614 rerum
1348 3578 1447 3614 suarrrm
1468 3565 1581 3627 cogitatio
1600 3567 1625 3615 et
1644 3556 1759 3614 rum
1790 3522 1793 3625 ί

996 3656 1095 3720 quidem
1111 3658 1180 3720 quasi
1193 3659 1330 3709 consultare
1341 3659 1417 3720 aelle,
1429 3658 1470 3708 sed
1484 3661 1536 3708 irim
1552 3668 1709 3709 aerumnarum
1718 3654 1758 3712 θι
1791 3642 1793 3699 l

997 3753 1161 3816 praeterierant
1173 3753 1313 3814 multitudo,
1326 3756 1378 3803 tum
1389 3755 1543 3816 praesentium
1556 3754 1712 3805 calamitatum
1720 3750 1758 3797 Ι·
1789 3706 1793 3763 ί

998 3847 1032 3896 les
1043 3850 1068 3896 et
1080 3847 1260 3897 imminentium
1267 3847 1427 3907 incertitudo,
1438 3848 1584 3899 obscurabat
1593 3852 1683 3912 partem
1693 3840 1760 3897 ειίΙΙ

997 3939 1197 3989 ratiocinatricem
1217 3959 1223 3988 ι
1242 3953 1268 3989 se
1289 3941 1352 4002 ipsos
1366 3954 1423 3990 aero
1441 3943 1572 4005 sepissime
1588 3926 1763 3993 intuebnatattl

997 4034 1097 4098 quilibet
1104 4035 1206 4084 alterum
1217 4034 1340 4097 quidpiam
1350 4037 1375 4084 ia
1388 4050 1438 4085 rem
1448 4040 1592 4098 praesentem
1602 4037 1717 4088 dicturam
1725 4028 1765 4074 θ’

996 4221 1050 4281 bat,
1065 4235 1094 4270 ac
1103 4235 1187 4271 rursus
1200 4223 1313 4273 attollens
1323 4224 1471 4287 suspirabat,
1486 4224 1575 4286 gemitu
1595 4224 1679 4276 dolore
1695 4208 1771 4274 mgb.

997 4319 1122 4367 Postremo
1136 4316 1237 4366 reclinat
1257 4330 1309 4367 sese
1329 4318 1458 4368 interram
1474 4320 1597 4380 Cnemon,
1616 4294 1776 4371 mrumst*

996 4424 1082 4461 saxum
1094 4410 1240 4473 Ttrmgenee,
1251 4412 1327 4474 rejicit
1337 4425 1388 4462 sese
1398 4413 1422 4462 in
1432 4426 1488 4462 eum
1500 4413 1626 4464 ctiarictea
1637 4416 1663 4464 et
1672 4394 1783 4465 senff

996 4504 1095 4564 quidem
1105 4509 1229 4568 dignum
1240 4506 1445 4570 diurepenenant,
1456 4508 1583 4558 maurium
1593 4508 1692 4572 σηοω
1701 4486 1790 4557 μεθ’

996 4599 1027 4649 de
1036 4601 1194 4662 praesentibus
1206 4601 1277 4651 rebus
1288 4602 1427 4664 cupientes,
1438 4616 1523 4653 verum
1532 4603 1665 4665 angoribus
1672 4606 1698 4654 et
1705 4576 1793 4653 law⁴

997 4687 1077 4749 tracti,
1086 4689 1133 4751 legi
1141 4692 1235 4738 naturae
1247 4687 1285 4737 vel
1295 4688 1364 4738 insiti
1375 4689 1490 4752 parebant
1502 4695 1526 4739 et
1535 4690 1666 4741 indulcean
1675 4663 1793 4743 εοεοιὶιιι

997 4778 1025 4825 ut
1043 4790 1074 4825 ex
1088 4777 1177 4840 ingenti
1193 4777 1307 4826 moestitia
1323 4778 1381 4840 tapsi
1397 4781 1461 4827 suut.
1495 4779 1535 4828 sic
1549 4779 1742 4841 equidemccm
1766 4759 1792 4799 ⁸

998 4865 1102 4915 tectione
1114 4866 1221 4929 corporis
1236 4869 1260 4916 et
1272 4865 1359 4916 animae
1371 4879 1425 4930 pars
1437 4866 1569 4930 intelligens
1583 4869 1721 4919 sommare
1740 4848 1793 4905 θ’

997 4953 1096 5004 tinebat.

1027 5055 1090 5102 xvl.
1107 5054 1193 5102 Postea
1209 5065 1267 5102 nero
1285 5066 1358 5115 qnam
1376 5052 1510 5114 paullulum
1530 5065 1645 5104 somnum
1667 5031 1793 5118 produ*

997 5144 1066 5203 rant,
1080 5142 1113 5192 ita
1128 5145 1156 5192 ut
1170 5141 1290 5206 palpebrae
1307 5146 1401 5193 mutum
1418 5141 1526 5193 nonnihil
1541 5141 1693 5207 levarentur,
1705 5126 1793 5195 cast
