3726 5692
167 357 224 408 336
698 344 912 404 HELIODORI
934 345 1250 406 AErfllorlconunl

165 479 260 559 θεωρὸν
279 482 317 556 τῷ
332 476 392 556 περὶ
416 479 503 558 ψυχῆς
518 477 599 551 ἀγῶνι
624 478 675 533 τῶν
698 473 798 532 παίδων
814 475 950 555 ἐφίστησι,
996 484 1249 542 derita,conslitult.
1283 484 1329 543 Qui
1348 484 1393 533 etsi
1415 483 1493 532 multa
1513 495 1588 546 perpe

163 566 249 625 πολλά
273 566 320 642 μέν
348 565 497 623 άνατλάντα
525 562 571 622 καὶ
599 563 686 621 πάντα
713 564 951 642 μηχανησάμενον,
997 574 1073 622 mulla
1084 576 1233 633 tentaverat,
1255 573 1428 633 exsilioquese
1452 577 1478 621 et
1498 585 1588 622 accessu

163 655 246 735 φυγάς
258 658 281 713 θ’
297 657 369 734 αὑτῷ
392 652 438 711 καὶ
455 652 521 718 άλας
544 650 644 720 ξενικάς
657 651 834 730 ἐπιθαλόντα,
854 653 878 710 εί
897 675 952 718 πως
998 665 1072 711 terras
1090 661 1266 721 mulctaverat,
1281 663 1309 709 ut
1330 665 1380 709 lam
1397 659 1494 710 cmdele
1513 663 1588 724 specta

164 739 351 812 laetissumis
373 741 455 808 οθτως
477 743 567 811 οἰπηνῆ
586 739 662 810 θέαν,
679 740 847 811 ἐκνικηθέντα
863 742 887 798 δ’
902 740 951 799 ὑπθ
997 751 1097 811 posset:
1113 751 1194 798 tamen
1206 749 1358 809 famuletur,
1374 749 1456 798 ridere
1468 763 1513 810 ea,
1528 762 1585 813 quas

136 834 209 901 στῆς
221 831 381 910 εἱμαρμένης
394 831 440 888 καί
459 830 521 887 ἰδεῖν
537 828 554 886 θ
571 830 656 886 πάλαι
680 830 752 909 αὐτῷ
766 830 790 886 οἱ
804 829 857 888 θεοί
871 832 950 904 προθ-
997 837 1029 887 dii
1043 840 1142 887 oraculo
1152 838 1330 901 praedixerant,
1341 841 1492 888 coactuaest.
1526 839 1581 888 lite

163 917 289 977 θέσπισαν
303 917 494 995 συνελαθέντα,
516 917 648 997 πόρρωθεν
663 914 710 993 μέν
730 917 764 975 τὰ
782 922 829 989 τῆς
842 917 952 986 διώξεως
996 940 1050 976 sum
1063 928 1088 976 ot
1100 927 1282 976 insectationem
1295 927 1455 990 prospiciens,
1476 940 1507 976 ex
1528 926 1588 987 ils,r

162 1006 449 1086 προκατοπτεθσαντα,
462 1008 491 1064 ἐκ
506 1004 534 1064 δέ
549 1009 601 1064 τῶν
613 1006 741 1071 πολλάκις
753 1005 952 1085 προρρηθέντων
997 1014 1111 1078 predicta
1127 1016 1237 1077 fueraut,
1251 1015 1312 1065 lilios
1324 1030 1381 1065 suos
1395 1030 1446 1065 osse
1465 1016 1585 1065 intellexit

162 1094 221 1162 τοὺς
239 1096 336 1162 παῖδας
350 1085 490 1158 εἶναιτοὺς
505 1097 585 1152 αὑτοῦ
600 1091 778 1163 συννοήσαντα
799 1092 844 1150 καλ
858 1115 952 1151 συντο-
997 1118 1086 1165 cursu,
1099 1118 1173 1167 quam
1185 1105 1275 1167 alioqui
1287 1109 1345 1155 selas
1358 1105 1509 1169 patiebatur,
1520 1107 1588 1155 anter

163 1183 282 1264 νωτέροις
296 1182 313 1253 ἢ
326 1182 384 1241 καθ’
398 1182 505 1253 ἡλικίαν
517 1182 623 1262 δρόμοις
636 1181 681 1240 ἐπλ
692 1184 730 1260 τῷ
745 1184 841 1263 φθῆναι
855 1180 902 1253 τὴν
917 1182 952 1249 εἷς
997 1192 1107 1241 ultimam
1121 1205 1239 1242 manuum
1248 1194 1426 1243 conserlIonom
1438 1195 1539 1242 conatus
1548 1195 1586 1243 est

125 1290 150 1331 ιο
161 1273 234 1340 τέλος
249 1275 334 1332 αὐτῶν
348 1269 504 1348 συμπλοκὴν
515 1271 561 1329 καί
574 1270 604 1329 τὸ
617 1274 699 1351 γῆρας
716 1269 887 1347 βιασάμενον.
997 1282 1062 1331 ciens
1075 1282 1201 1332 senectuti.

203 1362 243 1423 Z'.
268 1361 317 1428 Ὡς
329 1363 351 1418 δ’
366 1353 410 1418 οὖν
425 1359 522 1430 ἐπέστη
533 1358 578 1417 καλ
590 1356 701 1428 πλησίον
713 1356 765 1431 ήδη
779 1357 952 1438 σομπαρέθει,
1028 1373 1083 1420 Vll.
1102 1373 1231 1433 Postquam
1240 1371 1313 1433 igitur
1324 1370 1463 1433 supervenit
1472 1372 1496 1421 et
1505 1371 1588 1433 propiu

163 1450 197 1510 Τί
211 1456 307 1520 ταῦτα,
322 1439 343 1508 ῶ
358 1447 451 1526 Θθαμι
469 1448 515 1506 καί
537 1446 676 1526 Πετόσιρι,
698 1451 814 1527 συνεχῶς
833 1445 912 1519 ἐθόα,
927 1446 953 1503 τί
997 1458 1073 1520 rebat,
1083 1459 1148 1517 Quid
1159 1459 1205 1508 boc
1217 1459 1261 1507 sibi
1276 1461 1343 1521 rull,
1356 1473 1372 1508 o
1384 1459 1487 1521 Thyami
1502 1462 1528 1508 et
1544 1462 1587 1510 Pel

163 1544 265 1615 ταῦτα,
280 1528 303 1598 ὦ
316 1541 423 1610 παῖδες,
440 1536 562 1595 &mdiu
584 1535 720 1602 πολλάκις.
762 1538 797 1595 Οἱ
812 1535 835 1593 δ’
851 1534 953 1594 οὐδέπω
998 1548 1175 1597 vociferabatur
1191 1568 1196 1596 :
1210 1547 1285 1610 qnid,
1306 1548 1411 1607 malurn,
1426 1548 1588 1597 lrocamentia

162 1625 211 1699 τήν
235 1625 361 1709 πατρῴαν
379 1625 598 1705 ἀναγνωρίζοντες
614 1622 691 1705 ὄψιν,
713 1629 758 1681 τοῦ
780 1621 827 1699 μέν
842 1622 880 1681 ἔτι
901 1624 953 1689 τοῖς
998 1638 1052 1699 pius
1064 1632 1220 1685 inclamabat.
1254 1637 1290 1686 llli
1305 1639 1401 1697 autern,
1415 1650 1472 1686 cnm
1486 1637 1588 1685 nondun

125 1724 307 1797 νιπτωχικοῖς
328 1714 509 1796 ἠμφιεσμένον
535 1713 657 1794 ῥάκεσιν,
684 1712 757 1771 αὐτοὶ
782 1711 804 1769 θ’
829 1709 884 1770 ilo
908 1716 954 1783 τῆς
997 1724 1435 1788 agnoscerent‚sdlrucmeudiccrum
1449 1725 1534 1788 pannis
1548 1737 1588 1774 res

163 1805 276 1885 ἀγωνίας
289 1803 376 1876 ὄντες,
386 1803 421 1870 ώς
436 1827 495 1862 τινα
509 1806 560 1861 τῶν
575 1804 694 1881 αἰγυρτῶν
707 1799 780 1871 ήκαί
794 1800 880 1866 ἄλλως
896 1801 952 1867 ἐξε·
997 1813 1093 1862 animus
1107 1815 1174 1861 lotus
1188 1816 1250 1861 essct
1262 1815 1286 1861 in
1301 1814 1447 1873 certamine,
1465 1817 1581 1876 tanquam

163 1894 296 1966 στηκότων
313 1891 489 1971 παρήμειὸον.
531 1894 593 1950 Τῶν
604 1891 627 1948 δ’
640 1890 684 1947 ἐπί
697 1894 742 1948 τοῦ
758 1887 892 1968 τείχουςοί
906 1886 953 1964 μέν
998 1901 1170 1961 latorem,aut
1186 1902 1331 1963 alioquinon
1344 1903 1588 1967 satismentiseompr

162 1982 309 2060 ἐθαύμαζον
325 1984 361 2048 ώς
375 1982 530 2061 ἀφειδοῦντα
546 1983 624 2038 αὑτοῦ
650 1978 696 2037 καί
720 1982 755 2044 είς
778 1977 891 2060 ξιφήρεις
905 1981 953 2053 ἐμ·
997 1989 1065 2040 bant.
1098 1990 1176 2039 Exiis
1191 1990 1437 2051 vero‚quierantin
1452 2004 1588 2050 muro,nor

163 2070 311 2142 όάλλοντα,
335 2073 357 2127 οἱ
371 2070 394 2126 δ’
409 2072 443 2135 ώς
466 2069 630 2145 παραπλῆγα
645 2067 691 2124 καί
711 2068 797 2142 μάτην
813 2065 953 2147 φερόμενον
997 2080 1048 2137 tur,
1066 2079 1131 2141 quod
1146 2078 1191 2127 sibi
1202 2092 1250 2127 non
1260 2083 1369 2141 parceret
1380 2082 1405 2128 et
1416 2078 1480 2129 inter
1492 2079 1588 2142 digladii

123 2175 149 2214 so
162 2159 270 2236 ἐγέλων.
315 2157 384 2217 Ἀλλ’
399 2156 442 2216 ὅτε
456 2157 539 2223 συνελς
553 2159 567 2213 θ
582 2154 732 2234 πρεσὸότης
747 2154 797 2213 ὑπὸ
812 2160 858 2225 τῆς
880 2157 951 2212 εὐτε·
994 2166 1079 2227 jiceret
1100 2186 1106 2216 :
1128 2167 1202 2229 aliqui
1226 2180 1283 2216 vero
1307 2171 1425 2229 tanquam
1439 2170 1562 2217 amentem
1583 2183 1588 2216 ι

162 2245 238 2312 λείας
247 2251 292 2305 τοῦ
307 2245 445 2324 σχήματος
459 2243 536 2302 αὑτὸν
551 2245 580 2301 οὐ
595 2242 798 2324 γνωριζόμενοι,
814 2242 951 2322 ἐγυμνώθη
997 2253 1104 2303 medium
1119 2255 1273 2315 inferentem,
1291 2254 1410 2304 ridebant.
1444 2258 1507 2304 cum
1528 2256 1588 2318 igitu

163 2333 210 2410 μέν
229 2339 281 2392 τῶν
299 2331 515 2409 ἐπιθεὸλημίνων
533 2335 639 2413 ῥακῶν,
661 2332 709 2403 τὴν
733 2334 755 2388 δ’
770 2330 841 2412 ίερθν
866 2331 951 2407 κόμην
997 2341 1148 2403 1οαὶεεεῑ,ιο
1165 2344 1262 2405 propter
1274 2343 1392 2392 vilitatem
1405 2343 1503 2392 babitus
1515 2357 1588 2393 nour

163 2421 255 2481 ἄθετον
271 2414 351 2480 οὖσαν
374 2425 473 2493 καθῆκε
492 2420 539 2478 καὶ
563 2420 665 2479 τὸκατ’
687 2418 766 2495 ώμων
790 2418 892 2500 φορτίον
906 2418 952 2477 καὶ
998 2443 1101 2491 pannos,
1114 2429 1203 2492 quibus
1220 2430 1320 2493 desuper
1337 2434 1388 2481 erat
1409 2431 1507 2481 indutus
1521 2438 1545 2481 el
1563 2446 1588 2481 sa

161 2508 209 2580 τήν
224 2512 250 2568 ἐν
261 2509 338 2588 χερσὶ
351 2509 496 2588 βακτηρίαν
509 2507 671 2588 ἀπορρίψας,
686 2507 750 2578 ἔστη
764 2504 833 2565 κατδι
845 2507 952 2587 πρόσω-
998 2532 1054 2568 cum
1072 2530 1121 2569 uon
1132 2520 1197 2569 esset
1212 2519 1323 2581 religata,
1338 2520 1461 2582 promisit,
1476 2523 1501 2570 et
1514 2534 1587 2570 onere

123 2614 150 2655 to
162 2621 210 2657 πον
232 2598 278 2656 καί
300 2595 374 2678 ὤφθη
388 2596 497 2677 γεραράς
517 2620 545 2654 τε
560 2594 607 2654 καλ
621 2593 792 2676 ἱεροπρεπὴς,
809 2593 952 2654 ὑπώκλασέ
996 2607 1021 2656 in
1034 2607 1140 2656 bumeris
1151 2620 1207 2655 curn
1217 2607 1304 2657 baculo
1317 2621 1390 2670 quern
1405 2608 1509 2658 babebat
1523 2609 1547 2657 in
1558 2623 1588 2658 mr

161 2686 185 2743 τ’
195 2684 350 2766 ἧρέμα,καὶ
364 2684 410 2752 τάς
419 2688 509 2764 χεῖρας
522 2683 603 2764 ἄμφω
617 2685 653 2750 είς
662 2683 796 2761 ἱκετηρίαν
805 2685 950 2764 προτείνας,
995 2697 1062 2746 stetit
1070 2695 1185 2745 adversus
1194 2699 1219 2746 el
1230 2696 1289 2746 facie
1299 2697 1355 2760 ipsis
1365 2698 1478 2760 appamil
1489 2710 1588 2747 venerat

160 2765 201 2834 Ὦ
216 2773 313 2847 τέκνα,
335 2772 382 2832 σθν
395 2773 519 2854 δάκρυσιν
535 2770 713 2846 ἀνωλόλυξαν,
729 2761 803 2837 οὗτος
817 2769 869 2850 ἐγὼ
889 2775 951 2832 ίία-
996 2783 1081 2847 digna,
1092 2785 1230 2846 sensimque
1240 2798 1265 2835 se
1279 2785 1405 2845 corradi,
1417 2789 1443 2835 et
1458 2798 1544 2835 manus
1555 2800 1588 2849 sul

161 2862 279 2943 λάσιρις,
300 2853 374 2929 οὗτος
386 2861 438 2941 ἐγὼ
449 2859 538 2941 πατὴρ
552 2865 566 2919 ὁ
581 2858 720 2940 ὑμέτερος·
737 2860 816 2918 αὐτοῦ
830 2883 859 2918 τε
872 2865 950 2931 στῆτε
995 2871 1068 2933 deus,
1083 2873 1188 2922 lacrimis
1196 2872 1301 2932 obortis,
1315 2873 1428 2933 ejulando
1440 2873 1493 2922 infit
1506 2893 1512 2923 ι
1526 2878 1547 2923 0
1562 2875 1586 2923 lil

161 2951 207 3010 καί
232 2951 279 3022 τήν
301 2953 331 3010 ἐκ
355 2954 452 3031 μοιρῶν
478 2948 574 3027 μανίαν
600 2949 731 3026 στήσαιτο,
744 2948 788 3007 τθν
807 2947 890 3029 φύντα
905 2950 950 3009 καί
995 2961 1214 3023 calasiris,aoego
1230 2975 1284 3009 surn
1298 2963 1377 3010 vester
1390 2963 1465 3024 pater.
1500 2962 1589 3025 llicjar

122 3052 150 3093 το
162 3039 265 3120 ἔχοντες
278 3040 324 3098 καὶ
344 3038 511 3105 αἰδεσθέντες.
552 3038 617 3098 Τόθ’
629 3039 653 3096 οἱ
668 3035 716 3115 μὲν
730 3036 893 3118 παρείθησαν
906 3040 950 3097 καὶ
998 3049 1103 3099 lurorern
1111 3049 1152 3112 qui
1164 3049 1228 3099 malo
1239 3050 1289 3098 lato
1299 3053 1398 3099 exortus
1407 3052 1453 3111 est,
1466 3051 1588 3112 compesci

161 3133 351 3208 κατενεχθῆναι
367 3125 461 3207 μικρθν
477 3124 663 3198 ἀπολιπόντες,
676 3123 854 3205 προσέπιπτον
870 3126 950 3206 ἄμφω
999 3141 1024 3187 et
1049 3137 1157 3187 habeatis
1173 3140 1197 3187 et
1214 3139 1316 3187 revereri
1338 3138 1454 3188 debeatis.
1487 3142 1543 3189 tam
1561 3145 1585 3188 tu

160 3220 199 3297 τῷ
213 3219 294 3299 πατρὶ
306 3219 350 3275 καὶ
364 3225 417 3282 τοῖς
431 3214 523 3295 γόνασι
539 3214 710 3295 περιφθντες,
720 3218 814 3292 πρῶτα
827 3213 874 3292 μέν
890 3218 948 3274 άτε·
994 3226 1138 3286 tantumque
1149 3236 1197 3272 non
1207 3224 1322 3285 collapsi,
1337 3224 1458 3286 provoluti
1468 3228 1525 3273 suut
1536 3224 1567 3273 ad
1581 3239 1588 3286 ς

161 3307 280 3387 νέστερον
304 3309 442 3385 ἐνορῶντες
465 3303 649 3385 διηκριθοῦντο
671 3301 716 3360 τθν
737 3304 946 3382 θναγνωρισμόν.
993 3311 1114 3374 amplexi,
1129 3311 1234 3373 primurn
1247 3312 1334 3361 deliris
1348 3313 1425 3361 oculis
1439 3312 1588 3362 intuebantur

161 3395 208 3463 Ὡς
222 3395 243 3452 δ’
256 3398 285 3453 οὖ
301 3395 394 3475 φάσμα
406 3394 455 3464 τὴν
467 3393 525 3473 ὄψιν
538 3392 662 3462 ἀλήθειαν
675 3391 699 3448 δ’
712 3390 948 3470 ἐγνώρισαν,πολλ’
993 3399 1058 3449 illius
1069 3399 1235 3461 agnitionem:
1255 3399 1355 3459 deinde,
1383 3403 1510 3463 postquam
1531 3414 1580 3450 uon

122 3495 149 3535 su
161 3484 217 3559 ἅμα
229 3483 274 3539 καὶ
287 3482 312 3549 ἐξ
331 3483 453 3540 ἐναντίων
468 3481 595 3560 ἔπασχον.
637 3477 752 3538 Ἧδοντο
766 3477 809 3535 ἐπὶ
824 3482 861 3558 τῷ
875 3479 948 3561 φύντι
994 3487 1035 3536 sed
1051 3488 1129 3550 ipsum
1143 3501 1226 3537 revera
1249 3491 1430 3549 cognoverunt,
1445 3489 1517 3538 variis
1535 3490 1588 3539 aller

161 3562 301 3651 σωζομένῳ
311 3573 374 3646 παρ’
385 3569 505 3631 ἐλπίδας·
521 3569 561 3648 ἐφ’
574 3560 591 3647 ᾖ
603 3566 836 3644 κατελαμὸάνοντο
846 3568 948 3649 πράξει,
993 3589 1019 3625 so
1028 3576 1154 3625 contrariis
1166 3577 1392 3625 commovebantur.
1425 3577 1580 3626 Laetabanlur

160 3657 206 3716 καλ
216 3661 327 3729 ἠνιῶντο
342 3659 386 3715 καὶ
399 3657 558 3736 ᾐσχύνοντο·
572 3659 619 3728 τῆς
630 3655 739 3726 άδηλίας
747 3660 798 3714 τῶν
814 3656 949 3729 ἀποθησο-
994 3667 1058 3725 tem,
1068 3666 1156 3726 praeter
1167 3677 1233 3726 spem
1249 3665 1404 3727 superstitem
1419 3668 1575 3728 conspectum

161 3745 246 3824 μένων
259 3749 294 3811 εἷς
307 3745 421 3822 ἀγωνίαν
436 3746 603 3806 καθίσταντο.
647 3745 704 3806 Καί
715 3746 790 3804 ταῦτ’
801 3744 840 3804 ἔτι
851 3748 904 3805 τῶν
919 3749 948 3805 ἐκ
994 3755 1035 3802 tur
1050 3755 1074 3802 et
1088 3752 1262 3803 embescebant
1283 3757 1380 3815 propter
1399 3755 1518 3804 actionem
1538 3755 1588 3818 inq

160 3840 206 3906 τῆς
219 3836 319 3900 πόλεως
335 3834 520 3910 θαυμαζόντων
533 3835 578 3893 καὶ
597 3833 724 3912 λεγόντων
740 3834 787 3912 μέν
802 3834 873 3893 οὐδέν
889 3835 947 3894 οὐδὲ
994 3841 1107 3892 lucrant:
1120 3846 1144 3892 et
1164 3845 1233 3893 erant
1253 3843 1349 3892 solliciti
1370 3843 1402 3892 ob
1423 3845 1562 3892 luturorum
1583 3844 1588 3893 i

121 3937 147 3977 ιο
162 3924 344 4003 πραττόντων,
364 3922 454 4002 ώσπερ
479 3924 502 3980 δ’
525 3925 631 4003 άχανῶν
649 3922 692 3981 ὑπ’
708 3923 812 4001 ἀγνοίας
830 3923 875 3981 καί
897 3933 948 3991 τοῖς
994 3935 1053 3981 llaec
1064 3933 1145 3981 autem
1164 3930 1244 3981 adbuc
1260 3932 1303 3992 iis,
1324 3932 1451 3993 quierant
1473 3933 1497 3981 in
1512 3932 1588 3993 urbe,

159 4011 351 4090 γεγραμμένοις
364 4011 572 4093 παραπλησίων,
586 4011 650 4091 πρὸς
665 4010 746 4088 μόνην
761 4009 808 4082 τήν
823 4012 883 4070 θέαν
893 4014 947 4069 ἐπ·
993 4033 1073 4082 neque
1095 4019 1230 4068 dicentibus
1255 4020 1401 4082 quidquam,
1430 4034 1509 4083 neque
1537 4034 1588 4084 ager

159 4100 308 4176 τοημένων,
323 4099 410 4181 ἕτερον
423 4100 538 4178 ἐγίγνετο
557 4100 768 4182 παρεγκώκλημα
784 4105 828 4160 τοῦ
842 4101 947 4182 δράμα-
993 4121 1062 4171 paene
1080 4107 1232 4170 stupentibus
1243 4122 1293 4170 prre
1317 4110 1426 4170 inscitia,
1447 4112 1472 4158 et
1493 4109 1586 4171 pistoru

159 4211 211 4254 τος.
254 4187 289 4249 ‘ll
310 4188 457 4267 Χαρίκλεια
478 4190 539 4247 κατ’
563 4189 636 4270 ἴχνος
659 4188 806 4270 ἐφεπομένη
832 4189 883 4270 γὰρ
904 4194 947 4248 τοῦ
994 4197 1073 4246 solum
1086 4196 1251 4258 spectaculum
1266 4198 1378 4255 arrectis,
1393 4198 1455 4246 alius
1468 4199 1538 4248 aolus
1548 4199 1588 4248 obi

161 4278 337 4354 Ιίαλασίριδος
351 4277 396 4336 καλ
415 4277 548 4358 πόρρωθεν
564 4277 767 4357 ιἰναγνωρίσασα
782 4276 826 4335 τθν
842 4278 947 4356 Θεαγέ·
993 4284 1090 4334 fabular.
1125 4287 1184 4334 llam
1201 4285 1340 4345 chariclea,
1353 4285 1586 4347 vestigiisinsequen

119 4378 145 4419 te
159 4389 222 4437 νην,
234 4365 295 4443 (did
310 4366 361 4446 γάρ
375 4389 401 4424 τι
413 4365 479 4446 πρθς
501 4365 640 4444 ἐπίγνωσιν
657 4368 787 4446 ε’ρωτικῶν
800 4369 818 4437 ἡ
833 4364 890 4446 ὄψις
903 4367 948 4425 καὶ
993 4387 1073 4423 cumo
1088 4373 1219 4436 longinquo
1233 4374 1384 4436 cognovisset
1404 4374 1588 4436 Tbeageuem,<

159 4455 258 4529 κίνημα
273 4454 319 4513 καί
337 4458 430 4533 σχῆμα
455 4454 583 4522 πολλάκις
597 4453 695 4532 μόνον,
710 4453 759 4514 κᾶν
776 4455 909 4534 πόρρωθεν
930 4455 947 4527 ἢ
994 4467 1018 4513 ln
1041 4462 1206 4525 cognoscendo
1227 4462 1361 4511 arrruutium
1380 4462 1522 4525 adspectus,
1541 4466 1566 4513 et
1587 4507 1588 4510 ,

158 4544 208 4601 κᾶν
222 4547 251 4602 ἐκ
263 4545 352 4603 νώτων
371 4547 416 4614 τῆς
428 4544 580 4620 ὁμοιότητος
594 4542 642 4614 τήν
656 4542 802 4623 φαντασίαν
814 4543 947 4622 παρέστη·
993 4565 1058 4614 sape
1074 4557 1099 4601 et
1112 4552 1224 4612 babitus,
1236 4553 1374 4613 quamvise
1389 4551 1586 4614 longinquo,aut

160 4632 230 4708 σιν),
243 4632 332 4713 ώσπερ
348 4634 515 4713 οίστρηθεῒσα
531 4632 581 4691 ὑπὸ
596 4637 643 4703 τῆς
658 4632 756 4713 ὄψεως,
772 4631 891 4705 ἐμμανὴς
907 4633 948 4691 ἐπ’
993 4640 1157 4690 similitudinis
1170 4640 1307 4702 opinionem
1322 4640 1438 4701 praebuit)
1461 4643 1578 4702 tanquam

159 4722 236 4778 αὐτὸν
248 4722 316 4779 ἵεται
330 4722 376 4781 καί
386 4727 517 4803 περιρῦσα
532 4727 577 4779 τοῦ
592 4721 700 4801 αὐχένος
714 4720 792 4801 ἀπρὶξ
806 4719 892 4799 εἴχετο
903 4723 948 4780 καὶ
993 4736 1095 4792 spectu,
1111 4728 1241 4778 furibunda
1257 4728 1286 4776 ad
1298 4730 1377 4789 ipsum
1390 4729 1465 4778 fertur
1482 4732 1507 4778 el
1519 4729 1589 4778 lraerer

119 4823 146 4863 ιν
160 4807 284 4887 ἐξήρτητο
297 4813 343 4868 καὶ
364 4819 463 4890 γοεροῖς
485 4833 539 4868 τισι
561 4812 745 4882 κατησπάζετο
759 4808 870 4891 θρήνοις.
914 4809 948 4872 Ὁ
993 4832 1007 4866 e
1021 4819 1083 4868 collo
1097 4819 1165 4866 nulla
1180 4830 1240 4866 vore
1258 4817 1323 4865 edita
1336 4817 1469 4878 pendebat,
1483 4817 1588 4876 trigubril

160 4887 265 4965 δὲ,οἶον
289 4898 368 4969 εἰκὸς,
384 4898 443 4979 ὄψιν
461 4922 488 4956 τε
505 4902 629 4980 ρυπῶσαν
645 4898 769 4979 καὶπρὸς
793 4897 823 4956 τὸ
840 4899 948 4981 αἰσχρά·
993 4906 1050 4954 ‹lanr
1073 4906 1184 4955 lamentis
1197 4918 1253 4954 eum
1273 4904 1401 4954 salrrlabal.
1436 4906 1588 4969 llleautem,

159 5005 232 5061 τερον
245 4986 479 5060 ἐπιτετηδευμένην
490 4987 568 5060 ἰδὼν,
583 4986 629 5046 καὶ
638 4990 734 5058 ἐσθῆτα
749 4988 949 5066 τετρυχωμένην
994 4996 1066 5057 urile,
1080 4995 1174 5043 vultum
1192 4992 1331 5056 squalidum
1344 4995 1368 5042 et
1381 5008 1413 5043 ex
1430 4993 1549 5044 industria
1564 5008 1588 5058 p(

159 5072 203 5131 καὶ
225 5083 436 5152 κατερρωγυῖαι,
461 5073 551 5156 ὥσπερ
574 5075 699 5134 τινὰτῶν
724 5078 882 5154 ἀγειρουσῶν
904 5073 948 5132 καὶ
994 5088 1018 5133 et
1031 5087 1121 5134 vestem
1137 5084 1210 5132 rilem
1223 5096 1253 5131 ac
1267 5083 1370 5130 laceram
1380 5119 1387 5141 ,
1398 5083 1472 5132 veluti
1483 5086 1588 5147 aliquam

160 5161 262 5233 άληθῶς
285 5165 392 5238 ἀλῆτιν,
417 5165 535 5224 διωθεῖτο
557 5164 602 5222 καὶ
628 5165 850 5242 παρηγκωνίζετο.
895 5165 949 5224 Καὶ
994 5173 1063 5222 cibus
1077 5177 1102 5222 et
1114 5187 1197 5222 revera
1209 5169 1393 5234 vagabundam,
1414 5173 1545 5233 repellebat
1557 5188 1586 5224 ac
