3726 5692
195 363 249 412 loc
849 347 1028 408 aculeus
1049 348 1154 407 ΤΑΤΙΙΔ

192 486 237 542 καί
249 486 340 559 ίμᾶσιν
357 482 428 549 εὐθὺς
438 480 607 558 δεσμεύουσι·
623 480 696 539 παίει
711 480 738 538 δέ
750 478 818 538 κατὰ
829 479 925 559 κόρρης
936 505 975 545 τις
1000 500 1004 557 ξ
1022 488 1244 553 comprehendunt,
1262 489 1319 538 loris
1334 489 1450 537 vinciunt.
1484 488 1635 544 Quinetiam
1648 500 1732 535 eorum
1746 499 1812 535 rinus

193 575 299 631 ἐκεῖνον·
309 571 354 629 καλ
362 569 515 649 παταχθεὶς,
529 568 618 648 ὥσπερ
631 568 760 647 βασάνους
771 567 862 626 παθὼν
870 568 975 646 μυρίας,
1001 562 1002 567 ’
1023 579 1144 628 hominem
1155 578 1179 627 in
1190 591 1249 640 gena
1267 590 1340 626 manu
1357 575 1490 639 percussit:
1507 575 1549 638 qui
1566 579 1681 638 unquam
1698 574 1812 624 innume·

193 659 333 734 καταλέγει
350 658 461 734 μηδενός
484 660 630 735 ἐρωτῶντος
645 657 737 714 αὐτόν·
749 655 822 731 Ἐγὼ
839 656 887 726 τὴν
897 657 976 735 κόρην
1022 667 1055 717 rie
1065 668 1213 717 cruciatibus
1226 667 1337 726 allectus,
1356 663 1541 714 nemioeadlauc
1555 663 1727 725 interrogante,
1749 668 1808 727 Ego,

193 747 350 817 ἀπέκτεινα,
366 745 411 802 καὶ
423 745 517 803 ἔλαόον
532 750 645 825 χρυσοῦς
656 743 746 802 ἑκατὸν
759 744 833 822 παρδι
846 744 977 814 Μελίττης
1000 747 1002 813 Ι
1022 755 1107 819 lnqrrit,
1118 756 1221 818 puellam
1235 755 1353 810 interemi,
1364 753 1469 816 acceptis
1482 751 1654 802 aTlrersandri
1669 766 1746 801 uxore
1763 756 1811 802 lte·

166 840 239 905 στῆς
253 834 424 914 Θερσάνδρου
441 834 571 912 γυναικός.
610 831 683 902 Αὕτη
696 832 746 911 γάρ
768 856 800 908 με
818 832 859 891 ἐπὶ
874 832 918 891 τὸν
930 833 979 911 φό-
1000 852 1002 863 ·
1021 844 1063 893 lite
1078 844 1185 893 nummis
1198 843 1276 893 arrreis
1288 845 1385 892 centum
1403 860 1409 891 :
1424 841 1464 890 illa
1475 841 1540 890 euim
1551 840 1582 889 ad
1592 854 1676 890 necem
1692 840 1756 889 hauc
1770 854 1812 902 pa·

192 946 234 980 νον
250 921 426 997 ἐμισθώσατο.
470 922 541 980 Ἀλλ’
563 919 618 980 ῖδολι
634 921 693 985 τοὺς
715 925 828 1001 χρυσοῦς
842 924 901 995 ὑμῖν
919 920 977 986 τοὺς
1000 918 1002 947 ²
1022 932 1132 982 trandum
1143 946 1181 982 ure
1194 930 1322 982 mudum.
1355 935 1418 980 Eeoe
1433 933 1515 978 autem
1527 943 1639 978 nummos
1650 931 1713 991 ipsos
1726 949 1733 978 r
1748 941 1813 992 quos

192 1011 285 1070 ἑκατὸν
306 1010 386 1091 φέρω.
428 1010 515 1070 Ὥστε
542 1009 568 1068 τί
591 1033 624 1086 με
650 1009 780 1066 ἀπόλλυτε
808 1008 852 1066 καί
876 1012 977 1074 ἑαυτοῖς
1000 1072 1002 1083 ,
1022 1022 1091 1071 vobis
1105 1034 1189 1071 omnes
1208 1020 1328 1069 adunum
1349 1020 1427 1068 trado.
1459 1021 1524 1079 l'os,
1539 1031 1631 1081 quaeso,
1650 1031 1688 1066 me
1699 1017 1810 1090 perdere,

192 1105 308 1181 φθονεῖτε
321 1101 443 1179 κὲρδουςς
456 1097 530 1177 Ἐγὼ
543 1099 565 1156 δ’
580 1101 616 1164 ὣς
629 1096 731 1169 ἤκουσα
746 1096 915 1175 Θερσάνδρου
933 1095 977 1155 καί
1000 1114 1002 1161 l
1021 1122 1050 1159 ao
1061 1112 1155 1159 vosmet
1172 1110 1238 1157 luero
1250 1107 1394 1157 defraudare
1408 1107 1490 1156 nolite.
1523 1109 1586 1156 Tum
1598 1119 1650 1167 ego,
1663 1106 1810 1155 Thersandri

193 1190 327 1259 Μελίττης
342 1188 470 1264 τοῦνομα,
482 1186 526 1245 τὀν
539 1186 617 1246 ἄλλον
632 1188 661 1244 οὐ
673 1184 811 1265 προσέχων
826 1185 929 1264 χρόνον,
940 1189 977 1264 τῷ
999 1168 1002 1219 ἐ
1022 1199 1046 1246 et
1059 1197 1153 1247 Melites
1173 1197 1271 1246 nomiae
1288 1195 1383 1255 audito,
1397 1195 1439 1258 qui
1455 1209 1497 1258 per
1511 1195 1632 1257 reliquum
1646 1197 1744 1256 tempus
1760 1208 1811 1244 uon

154 1278 221 1336 10δέ
239 1280 309 1358 λόγῳ
332 1277 379 1346 τὴν
403 1274 489 1355 ψυχὴν
504 1274 594 1356 ὥσπερ
615 1273 666 1332 ὑπὸ
688 1273 794 1350 μύωπος
818 1272 976 1352 παταχθείς,
1022 1284 1186 1346 attenderam,
1204 1283 1313 1335 oratioue
1326 1283 1381 1341 illa,
1398 1282 1467 1345 quasi
1482 1282 1580 1332 stimulo
1600 1282 1695 1345 aliquo,
1710 1285 1812 1345 repente

180 1365 299 1445 ἐγείρει·
312 1365 357 1422 καλ
373 1365 437 1444 πρὸς
447 1364 524 1422 αὐτόν
537 1362 728 1443 μεταστραφείς
739 1360 820 1440 λέγω·
832 1360 908 1432 Τίςὴ
924 1363 977 1421 Με·
1023 1375 1170 1435 concitatus,
1190 1374 1297 1422 animum
1316 1372 1391 1430 erexi,
1407 1372 1438 1420 ed
1453 1385 1559 1433 eumque
1577 1383 1719 1429 conversus,
1737 1372 1811 1427 Quae-

192 1453 282 1524 λίττη;
298 1452 332 1512 Ὁ
348 1452 389 1526 δὲ,
409 1453 526 1523 Μελίττη
539 1451 618 1522 ἐστὶν,
634 1451 699 1531 ἔφη,
717 1453 767 1507 τῶν
782 1452 894 1508 ἐνταῦθα
906 1449 978 1528 πρώ-
1023 1475 1094 1521 nam,
1109 1461 1222 1523 inquam,
1246 1463 1283 1511 est
1303 1461 1384 1510 Melite
1399 1459 1467 1509 haec?
1483 1461 1545 1508 Tum
1559 1458 1612 1519 ille,
1635 1458 1810 1516 Foeminarum,

193 1564 225 1610 τη
240 1543 379 1616 γυναικῶν.
424 1539 496 1610 Αὕτη
513 1537 647 1595 νεανίσκου
661 1536 728 1602 τννδς
740 1535 857 1616 ἧροίοθη·
868 1535 976 1613 Τύριον,
999 1540 1001 1591 ί
1024 1549 1112 1610 inquit,
1124 1549 1191 1598 urbis
1207 1549 1280 1611 liujus
1289 1550 1326 1598 eet
1340 1549 1459 1611 princeps,
1473 1549 1498 1596 et
1512 1546 1671 1596 adolescentis
1682 1547 1812 1606 cujusdam

193 1619 283 1705 οἶμαι,
301 1627 379 1707 paolo
394 1626 485 1685 αὐτόν·
508 1627 626 1691 κάκεῖνος
641 1624 732 1704 ἔτυχεν
749 1625 882 1703 ἐρωμένην
899 1624 977 1702 ἔχων,
1024 1638 1219 1699 (Tyriumillum
1230 1637 1464 1697 essenontmmora
1476 1638 1546 1698 capta
1557 1635 1613 1697 :qul
1624 1634 1811 1697 torteprrellam,

155 1734 179 1774 ιε
192 1718 224 1788 ἣν
238 1710 310 1795 εὗρεν
325 1717 351 1772 ἐν
366 1740 399 1796 τη
419 1720 464 1784 τῆς
485 1713 616 1784 λλελίττης
633 1714 703 1792 οἰκία
715 1712 898 1793 πεπραμένην.
942 1712 975 1772 Ἥ
1023 1727 1072 1789 ipse
1085 1739 1183 1789 quoque
1200 1725 1333 1788 deperibat,
1354 1738 1428 1788 quam
1443 1725 1467 1772 in
1484 1724 1578 1774 Melitae
1590 1724 1663 1773 domo
1683 1722 1810 1774 venditam

193 1806 216 1863 δ’
232 1806 282 1863 ὑπὸ
302 1805 459 1874 ζηλοτυπίας
480 1804 647 1882 περλεγμένη
672 1802 719 1872 τὴν
744 1803 855 1877 γυναῖκα
879 1800 976 1871 ταύτην
999 1772 1001 1859 ί
1022 1813 1229 1876 εερετίίῑεπειιΙὶετ
1238 1813 1354 1875 zelotypia
1364 1812 1467 1872 devicto,
1475 1812 1579 1875 puellam
1592 1825 1645 1861 eam
1654 1811 1810 1861 circumven-

193 1893 354 1964 α’πατόσασα
377 1892 557 1968 συλλαμόάνει
574 1891 619 1949 καὶ
642 1891 807 1971 παραδίδωσι
825 1894 863 1972 τῷ
879 1895 922 1948 νῦν
945 1890 975 1961 δέ,
998 1892 1001 1922 ³
1023 1905 1073 1950 tam
1084 1900 1211 1964 prehendit
1225 1904 1249 1950 et
1271 1902 1343 1961 lruic,
1357 1914 1429 1964 quem
1441 1900 1505 1950 malo
1518 1914 1571 1949 meo
1593 1901 1643 1949 tuto
1654 1913 1751 1950 meeum
1765 1901 1814 1950 iter

192 1987 262 2060 κακιῖΙ
277 1981 344 2060 τύχῃ
359 2004 403 2057 μοι
418 1979 590 2038 συνωδευκότε
603 1986 727 2059 φονεῦσαι
740 1979 899 2039 κελεύσασα.
943 1977 977 2038 Ὁ
1024 1991 1150 2039 facientem
1162 1990 1222 2049 dixi,
1235 1989 1368 2038 necandam
1378 1989 1452 2037 dedit.
1485 1991 1517 2038 at
1528 1988 1568 2037 ille
1578 1988 1675 2050 quidem
1690 1988 1814 2039 detestan-

193 2070 240 2147 μέν
258 2061 302 2129 οὖν
316 2071 345 2126 τὸ
363 2068 465 2126 ἀνόσιον
480 2069 554 2145 ἔργον
569 2073 644 2125 τοῦτο
657 2069 721 2146 δρᾷ·
736 2066 788 2142 ἐγὼ
807 2067 829 2123 δ’
842 2070 856 2123 ὁ
874 2066 975 2139 οίθλιος,
999 2094 1001 2141 j
1023 2079 1081 2128 dum
1098 2080 1191 2128 lacinus
1204 2077 1302 2127 admisit
1320 2098 1326 2127 :
1340 2091 1383 2139 ogo
1395 2056 1454 2125 ¹vero
1467 2079 1524 2137 (me
1538 2077 1650 2125 miserum
1664 2080 1763 2139 lneque
1773 2078 1812 2126 ri·

154 2181 180 2217 an
192 2157 245 2216 οὔτ’
260 2157 320 2215 ἰδὼν
333 2157 424 2226 αὐτὸν,
440 2155 493 2214 οὔτ’
508 2155 583 2233 ἔργου
595 2154 662 2220 τινὸς
678 2154 840 2224 κοινωνήσας
856 2153 872 2223 ἢ
888 2154 977 2230 λόγου,
999 2151 1001 2173 ³
1023 2167 1091 2225 dens,
1107 2180 1185 2228 neque
1199 2167 1256 2215 dicti
1271 2166 1373 2229 alicujus
1392 2165 1478 2214 lactine
1490 2166 1614 2226 mausolus,
1630 2177 1749 2214 unacum
1765 2142 1810 2226 eu,

194 2246 386 2321 συνεπηγόμην
400 2247 473 2324 αὐτῷ
487 2243 634 2319 δεδεμένος,
646 2246 681 2309 ὡς
692 2247 736 2300 τοῦ
750 2243 825 2322 ἔργον
844 2244 974 2308 κοινωνός.
1023 2256 1090 2318 qrrasi
1106 2254 1200 2304 sceleris
1212 2255 1338 2317 particeps,
1353 2254 1540 2315 comprehensus
1551 2265 1615 2303 sum.
1630 2253 1677 2302 sed
1688 2254 1810 2313 lenatico,

193 2334 232 2393 Τὸ
250 2334 277 2392 δὲ
291 2331 486 2412 χαλεπώτερον,
501 2331 593 2412 μικρὸν
608 2336 652 2390 τοῦ
671 2332 825 2390 πανδοκείου
838 2332 976 2411 προελοόν·
1023 2343 1082 2393 illud
1094 2343 1191 2405 goarius
1201 2345 1278 2392 multo
1293 2345 1337 2392 est.
1370 2346 1488 2392 Namnon
1498 2341 1629 2390 admodum
1641 2342 1710 2403 longe
1727 2355 1811 2390 acau-

192 2447 250 2499 τες,
274 2421 332 2488 τοὺς
358 2421 450 2479 ἑκατὸν
475 2426 589 2499 χρυσοῦς
611 2419 734 2484 λαύόντες
746 2419 808 2499 παρ’
824 2422 901 2477 αὐτοῦ
912 2465 920 2492 ,
933 2419 976 2478 τὸν
1024 2447 1086 2495 pom
1097 2432 1195 2494 digressi
1207 2433 1250 2491 illi,
1259 2431 1365 2480 nummis
1376 2431 1489 2492 acceptis,
1502 2444 1557 2480 eum
1566 2419 1666 2479 missum
1679 2431 1788 2480 iecerunt
1804 2451 1811 2479 z

194 2510 242 2587 μέν
257 2513 362 2590 ἀφῆκαν
375 2513 477 2589 φυγεῖν,
493 2509 539 2585 ἐμὲ
550 2509 574 2566 δ’
584 2508 677 2585 ἄγουσι
689 2507 804 2584 πρδςτδν
818 2508 975 2587 στρατηγόν.
1023 2536 1062 2570 rne
1076 2523 1157 2569 auteur
1172 2520 1202 2569 ad
1217 2522 1358 2582 praetectum
1370 2519 1501 2568 duxerunt.

152 2624 178 2662 as
233 2597 273 2657 Δ’.
290 2597 340 2664 Ὡς
363 2601 387 2654 δ’
401 2596 502 2668 ἤκουσά
518 2621 568 2674 μου
584 2596 629 2654 τόν
649 2601 729 2672 μῦθον
741 2599 793 2654 τῶν
812 2600 910 2667 κακῶν,
925 2597 978 2654 οὔτ’
1055 2612 1095 2659 lv.
1112 2612 1272 2672 Posteaquam
1289 2607 1454 2657 turbulentam
1471 2609 1533 2656 lrauo
1546 2607 1649 2657 tabulam
1665 2606 1758 2667 audivi,
1768 2620 1813 2657 ne·

193 2684 342 2768 ἀνῴμωξα,
357 2685 410 2744 οὔτ’
432 2686 564 2744 ἔκλαυσα·
577 2684 635 2743 οὔτε
654 2684 704 2765 γάρ
719 2685 806 2760 φωνὴν
823 2675 904 2765 είχον,
919 2686 977 2743 οὔτε
999 2696 1002 2753 j
1023 2711 1070 2761 que
1086 2711 1171 2746 rocem
1182 2697 1373 2757 omniooullam,
1387 2710 1465 2759 neque
1478 2690 1700 2759 laerymas'aliquas
1712 2697 1813 2746 emitte-

139 2842 142 2849 ,
193 2776 318 2856 δάκρυον·
341 2773 409 2832 ἀλλὰ
432 2774 526 2852 τρόμος
550 2772 596 2850 μέν
619 2772 692 2839 εὐθὺς
713 2773 853 2852 περιεχύδη
870 2796 920 2850 μου
941 2777 977 2852 τῷ
1000 2758 1003 2879 γ
1024 2800 1049 2835 re
1063 2786 1130 2849 potui
1145 2787 1251 2850 (quippe
1264 2788 1289 2835 et
1299 2786 1336 2835 orl
1347 2799 1406 2845 vox,
1419 2788 1443 2834 et
1459 2786 1536 2834 oculis
1547 2786 1636 2833 humor
1647 2784 1725 2834 deurit
1737 2787 1756 2847 ),
1767 2785 1813 2834 sed

192 2862 297 2940 σώματι
319 2863 363 2922 καί
383 2867 400 2933 η
419 2863 514 2942 καρδία
530 2885 580 2938 μου
595 2862 716 2934 ἐλέλυτο,
737 2861 824 2940 ὀλίγον
848 2861 876 2920 δέ
894 2861 919 2920 τί
934 2886 978 2938 μοι
1023 2875 1131 2924 membro
1152 2873 1211 2923 milri
1229 2875 1310 2924 omnia
1325 2874 1506 2936 cohormerant,
1522 2887 1613 2936 corque
1629 2874 1708 2936 ipsum
1728 2878 1812 2923 conta·

192 2955 239 3023 τῆς
253 2955 339 3033 ψυχῆς
353 2951 536 3010 ὑπελέλειπτο.
580 2949 683 3029 Μικρὸν
696 2950 722 3008 δὲ
733 2949 819 3032 νήψας
831 2953 860 3009 ἐκ
874 2951 977 3026 τῆςμέ-
1024 2963 1118 3024 buerat,
1138 2963 1225 3011 auimae
1245 2965 1327 3012 autem
1343 2962 1401 3012 nillil
1418 2963 1466 3011 lere
1480 2963 1591 3011 relictum
1613 2962 1705 3012 tuerat.
1735 2962 1813 3012 Paulo

152 3065 179 3105 ao
193 3045 238 3112 δης
251 3040 401 3114 τοῦλόγου,
414 3039 483 3100 Τίνα
497 3038 592 3118 τρόπον
608 3038 656 3110 τὴν
670 3038 759 3119 κόρην,
772 3038 846 3118 ἔφην,
861 3037 977 3096 ἀπίκτει·
1000 3028 1003 3093 ί
1024 3055 1105 3101 autem
1119 3055 1181 3113 post,
1195 3064 1249 3100 cum
1274 3051 1347 3112 milri,
1367 3051 1444 3100 diluta
1461 3049 1576 3100 ebrietate
1595 3049 1726 3099 verborum
1736 3051 1811 3111 lilius,

192 3152 233 3187 νεν
256 3129 432 3204 ὁμισῦωτδς,
456 3127 501 3186 καλ
520 3127 546 3185 τί
560 3126 688 3198 πεποίηκε
708 3127 738 3186 τό
752 3130 846 3206 σῶμα;
860 3125 895 3187 ‘0
910 3128 932 3185 δ’
945 3132 979 3194 ὡς
1024 3141 1119 3190 animus
1140 3139 1256 3200 rediisset,
1279 3143 1390 3196 Quonam
1415 3138 1496 3197 modo,
1516 3139 1629 3200 inquam,
1647 3138 1813 3188 mercenarius

193 3216 262 3284 άπαξ
284 3214 393 3273 ἐνέύαλέ
408 3238 452 3290 μοι
476 3215 519 3272 τὸν
544 3213 656 3291 μύωπα,
671 3215 717 3273 καί
741 3215 814 3293 ἔργον
838 3215 978 3296 εἰργάσατο
1000 3282 1003 3305 Ι
1025 3232 1069 3280 iste
1082 3228 1187 3292 puellam
1200 3228 1395 3289 sustulitiquem
1407 3228 1430 3275 in
1446 3227 1526 3275 locum
1539 3226 1755 3287 muareraojeeitt
1766 3226 1812 3277 llle

192 3303 260 3362 ούτω
272 3306 330 3360 κατ’
341 3306 419 3380 ἐμοῦ,
438 3304 471 3360 δι’
482 3302 495 3359 δ
505 3306 603 3382 παρῆν,
616 3301 717 3360 ἐσιώπα
734 3303 779 3359 καλ
792 3302 878 3382 ἔλεγεν
891 3305 976 3363 οὐδέν.
1000 3308 1002 3322 “
1024 3323 1105 3369 autem
1112 3318 1257 3378 simulatque
1263 3316 1321 3364 ruilri
1329 3317 1395 3364 launc
1403 3315 1528 3365 stimulum
1535 3315 1625 3377 injecit,
1633 3314 1809 3378 idque,quuru·

194 3393 279 3453 Ποίλνν
291 3392 318 3449 δυ’
333 3415 382 3468 μου
398 3392 557 3468 πυθομένου,
573 3395 679 3463 Λυπεῖς,
701 3391 760 3472 ἔφη,
775 3391 845 3467 κάμὲ
858 3415 979 3449 κεκοννοο·
1023 3408 1055 3457 ob
1077 3421 1126 3456 rem
1148 3404 1244 3464 aderat,
1265 3405 1360 3465 ellecit,
1383 3404 1506 3453 olrmutuit
1528 3405 1601 3465 adeo,
1618 3406 1645 3453 ut
1658 3417 1689 3453 ne
1706 3405 1808 3454 verbum

153 3505 179 3544 aa
193 3480 298 3552 νηκέναι
309 3487 353 3538 τοῦ
368 3479 462 3560 φόνου;
480 3482 564 3538 Ταῦτ’
584 3479 686 3550 ἤκουσα
708 3480 774 3556 μόνα
787 3485 832 3536 τοῦ
853 3503 977 3559 πεφονευ-
1023 3495 1120 3558 quidem
1133 3494 1240 3543 adderet.
1274 3495 1336 3542 cum
1352 3507 1435 3542 rursus
1446 3493 1637 3554 interrogassem,
1654 3493 1745 3543 Videor
1755 3492 1808 3554 fflfl

193 3571 282 3641 κότος,
304 3573 338 3633 ὡς
357 3569 458 3633 κτείνας
473 3567 513 3638 εἴη
535 3568 582 3638 τὴν
605 3568 697 3646 κόρην.
742 3569 798 3625 Ποδ
814 3566 840 3624 δὲ
855 3568 900 3625 καὶ
919 3568 977 3625 τίνα
1023 3583 1111 3646 inquit,
1128 3588 1151 3632 el
1162 3596 1204 3645 ego
1214 3581 1358 3631 caedisillius
1370 3581 1487 3644 particeps
1496 3581 1621 3630 tuisselao
1634 3580 1664 3629 de
1673 3581 1812 3631 interlecto-

192 3658 301 3736 τρόπον,
316 3659 363 3714 οὐκ
380 3648 460 3716 εἶπεν.
504 3656 623 3727 Ἰἶπῆλδε
642 3655 669 3713 δέ
682 3677 726 3732 μοι
746 3655 803 3712 τότε
817 3655 917 3738 δάκρυα
933 3655 978 3714 καὶ
1023 3686 1050 3721 τε
1071 3670 1168 3733 quidem
1183 3671 1243 3719 illud
1259 3684 1335 3718 unum
1359 3672 1455 3718 tantum
1473 3669 1568 3727 audivi,
1591 3669 1696 3730 puellam
1720 3670 1812 3719 scilicet

193 3756 246 3814 τοῖς
258 3749 402 3828 ὀφθαλμοῖς
417 3744 465 3815 τὴν
477 3744 562 3815 λδπην
577 3745 724 3802 ἀπεδίδουν·
766 3742 936 3824 Ὥσπεργδφ
951 3747 977 3802 ἓν
1024 3764 1151 3810 ρεεείοπιε
1168 3760 1209 3808 ubi
1223 3765 1405 3821 aulem,quore
1420 3757 1502 3816 modo,
1517 3757 1715 3808 milrioondixit.
1747 3761 1812 3808 Tum

193 3837 250 3903 τοῖς
263 3841 308 3893 ποῦ
323 3838 445 3910 σώματος
457 3837 572 3910 πληγυῖς
587 3837 634 3893 οδν
648 3835 720 3897 eloi<
734 3839 751 3906 ἡ
767 3835 865 3910 σμῶδιξ
885 3835 978 3893 ἐπανί-
1024 3863 1082 3899 raro
1096 3849 1155 3898 milri
1171 3849 1283 3910 lacrymae
1297 3847 1449 3907 exciderunt,
1464 3846 1620 3908 doloremque
1636 3860 1678 3908 per
1689 3847 1776 3896 oeulos
1787 3848 1812 3896 in

153 3946 179 3984 ln
194 3949 304 3996 σταται,
330 3922 399 3981 ἀλλὰ
421 3927 588 4002 παραχρῆμα
611 3923 659 3999 μὲν
683 3926 729 3982 οὐκ
753 3922 809 4003 ἔχει
827 3923 857 3981 τὸ
872 3922 977 3996 tresel,
1024 3941 1133 4001 apertum
1146 3937 1306 4000 protulerunt.
1342 3939 1373 3986 Ut
1384 3936 1448 3985 enim
1458 3937 1482 3985 ln
1492 3949 1592 3998 corpore
1602 3936 1813 3998 flagriscaasooon

193 4013 300 4090 πληγολ,
318 4010 385 4089 μῑπδῑ
410 4012 501 4091 μυῑρδν
523 4013 546 4069 δ’
559 4010 676 4092 δνὲθορυ·
698 4013 744 4070 πολ
760 4012 844 4071 δδδνπῑ
868 4012 927 4078 ουδς
942 4037 979 4079 τις
1024 4028 1139 4076 continuo
1154 4027 1226 4074 vibex
1240 4027 1325 4085 oritur,
1341 4024 1383 4074 sed
1397 4038 1446 4073 nou
1459 4025 1585 4086 evestigio
1600 4025 1667 4073 looua
1683 4038 1816 4087 percum

197 4100 337 4181 πυπυχδελς
354 4099 427 4166 εὐθὺς
448 4099 494 4176 μὲν
513 4103 586 4171 ζητοῖ
600 4099 630 4158 πδ
645 4105 764 4180 τραῦμα,
779 4099 825 4157 πολ
847 4101 894 4157 οὖν
912 4090 978 4158 οδδον
1000 4102 1002 4179 λ
1024 4115 1103 4164 colore
1124 4113 1188 4162 tloris
1209 4114 1282 4162 rubro
1306 4112 1421 4174 inficitur,
1440 4112 1482 4162 sed
1503 4126 1577 4175 parva
1595 4110 1722 4174 interjecta
1743 4127 1814 4164 mora

195 4194 287 4270 εὑρεῖν,
301 4189 331 4247 τό
345 4189 366 4246 δ’
380 4188 417 4246 ἐτι
431 4188 521 4246 δέδυκε
533 4188 579 4247 καὶ
595 4187 739 4268 κέκρυπται
755 4187 979 4268 κατειργασμένον
1000 4184 1002 4197 ’
1024 4207 1122 4266 apparet
1134 4222 1140 4250 ε
1154 4204 1196 4251 aut
1210 4204 1236 4250 ut
1247 4203 1277 4263 is,
1292 4202 1333 4264 qui
1348 4203 1398 4263 apri
1419 4202 1491 4251 dente
1503 4201 1566 4250 ictus
1581 4202 1659 4262 tuerit,
1674 4215 1733 4252 mox
1742 4215 1815 4266 qun-

195 4281 278 4359 σχολῇ
292 4283 338 4348 τῆς
350 4281 452 4354 πληγῆς
467 4277 514 4347 τὴν
526 4277 625 4353 τομήν·
642 4277 710 4355 μετδν
724 4283 807 4336 τοῦτο
821 4279 843 4334 δ’
859 4277 979 4358 ἐξαίφνης
1026 4292 1058 4341 rit
1070 4290 1178 4340 vulneris
1187 4291 1278 4351 locum,
1293 4303 1341 4339 uon
1354 4291 1436 4339 statim
1447 4289 1546 4347 invenit,
1560 4291 1643 4352 utpote
1661 4290 1728 4352 quod
1740 4291 1816 4342 altius

154 4396 180 4433 ar>
195 4366 274 4437 λευκή
294 4391 331 4431 τις
353 4365 468 4424 ἆνὲπῑνλῑ
491 4367 617 4446 Υρυμννλ,
632 4364 779 4445 πρόδρομος
794 4369 840 4423 τοδ
855 4364 979 4441 αἵματος,
999 4376 1002 4423 l
1024 4380 1186 4442 penetraverit
1199 4382 1224 4428 et
1246 4377 1413 4428 absconditum
1427 4379 1535 4428 sitiente
1549 4379 1657 4428 formans
1673 4378 1752 4442 plagae
1774 4392 1814 4431 εο-

197 4455 295 4535 σχολὴν
310 4454 331 4512 δ’
355 4454 445 4529 ὀλίγην
461 4454 542 4513 λαύόν
562 4453 668 4534 ἔρχεται
692 4453 737 4512 καί
759 4456 850 4533 ἀθρόον
865 4455 978 4533 ἐπιρρεῖ’
1024 4469 1142 4517 ellonem:
1167 4466 1208 4517 sed
1222 4471 1277 4515 tum
1292 4467 1372 4516 subito
1395 4466 1449 4515 alba
1470 4466 1583 4528 quaedam
1603 4467 1665 4516 linea
1689 4469 1817 4531 εεοριείοίε

196 4544 263 4601 υδπυν
284 4541 415 4623 νυλψυχνλ
436 4549 602 4621 πππυχδῑῑυυ
618 4547 655 4623 πῷ
669 4547 716 4612 πῆς
730 4541 815 4614 λύπης
837 4541 920 4620 βὲλῑῑ,
932 4566 978 4600 το·
1026 4558 1097 4607 index
1107 4557 1193 4617 oritur,
1205 4569 1234 4604 aa.
1247 4556 1313 4604 brevi
1330 4558 1438 4617 tempore
1452 4558 1506 4617 post
1518 4558 1630 4605 manante
1646 4555 1744 4618 largiter
1755 4570 1814 4607 sau·

197 4631 331 4699 ξεύσαντος
354 4631 444 4710 λόγου,
465 4630 592 4710 τέτρωται
610 4629 657 4707 μὲν
674 4631 725 4703 ἤδη
740 4631 784 4689 καί
802 4628 857 4710 ἔχει
871 4628 919 4701 τλν
933 4655 978 4688 το·
1025 4647 1096 4708 guina
1111 4644 1266 4706 conspicuum
1282 4643 1309 4692 lit
1322 4643 1474 4693 :sicanimue
1485 4644 1558 4693 tristis
1569 4643 1818 4705 alicuiusnuutiitclo

197 4719 258 4795 μὴν,
275 4719 343 4777 ἀλλὰ
359 4722 388 4778 τὸ
409 4721 488 4799 τάχος
509 4725 554 4779 τοῦ
571 4719 705 4799 βλήματος
719 4721 766 4777 οὐκ
785 4718 894 4799 ἀνέῳξεν
907 4717 979 4778 οὔπω
1025 4733 1090 4796 quod
1105 4733 1179 4781 mittit
1202 4732 1303 4792 alicuius
1320 4746 1398 4781 sermo
1418 4733 1552 4792 sauciatus,
1572 4733 1661 4781 vrrlnus
1676 4733 1779 4794 quidem
1794 4738 1820 4786 et

156 4829 183 4868 ου
195 4810 225 4867 νδ
235 4815 350 4888 τρυδμυ,
362 4811 394 4866 οδ
406 4812 431 4866 δὲ
444 4811 544 4889 δάκρυον
552 4808 638 4877 ἕδῖυνξῑ
649 4810 850 4887 πῶνδυδυλμδνν
861 4808 977 4886 μυνροίν.
1024 4823 1155 4872 sectionem
1167 4822 1216 4882 iam
1228 4821 1308 4882 lrabet,
1317 4823 1357 4870 sed
1366 4822 1428 4870 ictus
1437 4821 1547 4871 celeritas
1558 4821 1613 4871 tacit
1628 4825 1655 4869 ut
1669 4834 1752 4885 aeque
1763 4824 1817 4873 rul-

196 4901 315 4976 Δάκρυον
324 4896 374 4975 γάρ
386 4892 453 4972 αἷμα
464 4896 614 4978 τραύματος
629 4902 728 4978 ψυχῆς·
741 4895 803 4954 δῖον
814 4900 827 4952 δ
838 4900 885 4966 τῆς
896 4896 981 4965 λύπης
1000 4890 1003 4915 ’
1025 4925 1070 4959 nris
1079 4910 1137 4968 hiet,
1151 4923 1230 4972 neque
1244 4911 1365 4973 lacryma,
1380 4924 1440 4973 quas
1451 4910 1570 4959 vulnerati
1584 4911 1656 4959 animi
1673 4914 1820 4974 sanguinem

196 4989 269 5051 δδοὺς
283 4985 351 5042 aas&
369 4987 461 5061 μικρὸν
483 4987 529 5058 τὴν
547 4986 655 5066 καρδίαν
673 4985 788 5066 ἐκφύγῃ,
804 4984 980 5062 κατέρρηκται
1026 4999 1145 5048 essecredi
1154 5001 1248 5061 pareat,
1259 4999 1544 5062 prosiliantnisipostea,
1556 5013 1629 5061 quam
1638 5001 1820 5054 maerorisdens

197 5075 245 5152 μὲν
261 5076 400 5152 πῆςδγυχῆς
413 5075 441 5130 τὸ
455 5081 574 5155 τραῦμα,
588 5074 719 5155 ἀνέῳκται
734 5072 760 5131 δέ
775 5073 828 5138 τοῖς
839 5073 980 5150 ὀφθαλμοῖς
1026 5103 1067 5137 cor
1082 5089 1145 5138 lente
1157 5088 1280 5149 depaverit
1296 5107 1303 5138 ε
1322 5090 1380 5137 tunc
1393 5088 1456 5136 enim
1475 5089 1583 5137 etanimi
1599 5088 1687 5137 vulnus
1698 5088 1819 5140 discindi·

196 5167 276 5236 ἡτῶν
293 5162 411 5243 δακρύων
423 5162 502 5241 θύρα,
519 5163 551 5220 τδι
567 5161 594 5222 δέ
616 5165 682 5239 μετὰ
698 5160 790 5240 μικρὸν
804 5165 850 5230 τῆς
862 5158 980 5227 δνοῖίῑυνς
1002 5180 1005 5201 ·
1025 5183 1066 5227 tur
1080 5181 1104 5227 et
1123 5177 1234 5239 lacrymis
1254 5177 1359 5239 arreritur
1376 5190 1419 5239 per
1437 5177 1520 5228 oculos
1537 5178 1589 5238 via,
1605 5191 1659 5239 quaa
1674 5177 1748 5240 paulo
1765 5182 1821 5243 post
